Dates,Type,Price,Size
10:30:00,TRADE,5557,1
10:30:00,BID,5558,2
10:30:00,ASK,5562,2
10:30:00,BID,5569,2
10:30:00,ASK,5576,1
10:30:01,ASK,5576,2
10:30:01,BID,5570,2
10:30:01,BID,5569,2
10:30:01,BID,5569,10
10:30:01,BID,5569,2
10:30:01,ASK,5575,1
10:30:01,ASK,5576,1
10:30:01,ASK,5574,1
10:30:01,ASK,5576,1
10:30:01,ASK,5575,1
10:30:02,BID,5569,3
10:30:02,ASK,5573,1
10:30:02,ASK,5575,1
10:30:02,ASK,5576,1
10:30:02,BID,5570,1
10:30:02,BID,5571,1
10:30:02,ASK,5577,1
10:30:02,BID,5570,1
10:30:02,BID,5569,3
10:30:02,BID,5571,1
10:30:02,BID,5572,1
10:30:02,ASK,5576,2
10:30:02,BID,5571,1
10:30:02,BID,5572,1
10:30:02,ASK,5576,1
10:30:02,ASK,5577,1
10:30:02,ASK,5576,2
10:30:03,BID,5571,1
10:30:03,ASK,5575,9
10:30:03,BID,5570,1
10:30:03,BID,5569,3
10:30:03,ASK,5574,1
10:30:03,ASK,5575,9
10:30:03,ASK,5574,1
10:30:03,ASK,5574,2
10:30:03,ASK,5574,1
10:30:03,ASK,5574,2
10:30:03,ASK,5574,4
10:30:03,TRADE,5556,1
10:30:03,ASK,5574,3
10:30:03,ASK,5574,2
10:30:04,ASK,5574,1
10:30:04,TRADE,5569,1
10:30:04,BID,5569,2
10:30:04,ASK,5575,15
10:30:04,ASK,5574,1
10:30:05,ASK,5575,15
10:30:05,BID,5570,1
10:30:05,ASK,5574,8
10:30:05,BID,5569,2
10:30:05,ASK,5573,1
10:30:05,ASK,5574,9
10:30:05,ASK,5573,1
10:30:05,ASK,5573,2
10:30:05,ASK,5573,10
10:30:05,BID,5570,1
10:30:05,BID,5570,2
10:30:06,BID,5569,2
10:30:06,BID,5569,3
10:30:06,BID,5570,1
10:30:06,ASK,5573,11
10:30:06,BID,5569,7
10:30:06,ASK,5573,10
10:30:06,ASK,5573,9
10:30:06,BID,5569,6
10:30:07,BID,5570,4
10:30:07,ASK,5572,1
10:30:07,ASK,5572,9
10:30:07,ASK,5572,1
10:30:07,ASK,5572,2
10:30:07,BID,5570,2
10:30:08,ASK,5572,10
10:30:08,BID,5570,1
10:30:09,BID,5571,1
10:30:09,TRADE,5571,1
10:30:09,BID,5570,8
10:30:09,BID,5570,7
10:30:09,BID,5570,1
10:30:09,BID,5570,7
10:30:10,BID,5570,9
10:30:11,ASK,5572,12
10:30:13,BID,5570,8
10:30:13,BID,5571,2
10:30:13,TRADE,5571,2
10:30:13,BID,5570,8
10:30:13,TRADE,5572,2
10:30:13,BID,5570,6
10:30:13,ASK,5572,10
10:30:13,BID,5570,5
10:30:13,TRADE,5572,1
10:30:13,BID,5570,4
10:30:13,ASK,5572,9
10:30:14,BID,5571,2
10:30:14,BID,5571,1
10:30:14,BID,5571,2
10:30:14,TRADE,5572,2
10:30:14,BID,5570,8
10:30:14,ASK,5572,7
10:30:14,BID,5570,7
10:30:14,BID,5570,2
10:30:15,BID,5570,7
10:30:15,BID,5570,5
10:30:15,ASK,5572,5
10:30:15,ASK,5571,2
10:30:15,ASK,5571,7
10:30:15,TRADE,5571,1
10:30:15,BID,5570,4
10:30:15,ASK,5571,6
10:30:15,ASK,5571,5
10:30:15,TRADE,5571,1
10:30:15,BID,5570,3
10:30:15,ASK,5571,4
10:30:15,ASK,5571,3
10:30:15,ASK,5571,4
10:30:15,BID,5570,1
10:30:16,ASK,5571,5
10:30:16,TRADE,5570,1
10:30:16,BID,5569,7
10:30:16,ASK,5571,4
10:30:16,BID,5569,6
10:30:16,ASK,5571,3
10:30:16,TRADE,5571,1
10:30:16,BID,5569,5
10:30:16,ASK,5571,2
10:30:16,BID,5569,6
10:30:16,BID,5570,5
10:30:16,TRADE,5571,2
10:30:16,BID,5570,3
10:30:16,ASK,5572,2
10:30:16,ASK,5572,3
10:30:16,BID,5570,1
10:30:16,BID,5571,2
10:30:16,ASK,5572,4
10:30:16,ASK,5572,3
10:30:16,ASK,5572,2
10:30:16,ASK,5572,1
10:30:16,TRADE,5571,2
10:30:16,BID,5569,3
10:30:16,BID,5569,7
10:30:17,ASK,5573,3
10:30:17,ASK,5573,1
10:30:17,ASK,5573,2
10:30:17,BID,5570,5
10:30:18,ASK,5573,1
10:30:18,ASK,5574,6
10:30:18,ASK,5573,1
10:30:18,ASK,5573,2
10:30:18,ASK,5572,1
10:30:19,ASK,5572,2
10:30:20,ASK,5572,1
10:30:21,ASK,5572,2
10:30:22,BID,5569,4
10:30:22,ASK,5573,1
10:30:22,BID,5569,3
10:30:22,BID,5569,4
10:30:22,ASK,5574,9
10:30:22,ASK,5574,8
10:30:23,ASK,5573,1
10:30:23,ASK,5573,2
10:30:23,ASK,5573,1
10:30:23,BID,5569,2
10:30:23,ASK,5573,2
10:30:23,BID,5570,1
10:30:23,BID,5570,2
10:30:24,ASK,5573,1
10:30:24,BID,5571,2
10:30:25,BID,5571,1
10:30:25,BID,5571,2
10:30:25,BID,5571,1
10:30:27,TRADE,5573,1
10:30:27,ASK,5575,19
10:30:27,ASK,5575,20
10:30:27,ASK,5574,3
10:30:27,ASK,5574,4
10:30:27,ASK,5574,5
10:30:27,ASK,5574,6
10:30:27,ASK,5574,7
10:30:27,BID,5570,5
10:30:27,ASK,5573,1
10:30:27,ASK,5574,6
10:30:27,BID,5571,1
10:30:27,ASK,5574,5
10:30:27,BID,5571,3
10:30:27,ASK,5573,1
10:30:27,BID,5570,5
10:30:27,ASK,5573,2
10:30:27,ASK,5573,1
10:30:27,BID,5571,1
10:30:27,BID,5571,3
10:30:27,BID,5571,2
10:30:28,BID,5571,3
10:30:31,BID,5572,4
10:30:31,BID,5572,3
10:30:32,TRADE,5573,1
10:30:32,ASK,5581,4
10:30:32,BID,5573,1
10:30:32,BID,5575,1
10:30:32,ASK,5581,1
10:30:32,BID,5576,1
10:30:32,BID,5578,1
10:30:32,ASK,5582,10
10:30:32,BID,5579,1
10:30:32,ASK,5582,9
10:30:32,ASK,5582,8
10:30:32,ASK,5582,1
10:30:32,BID,5580,1
10:30:32,BID,5581,1
10:30:32,TRADE,5582,1
10:30:32,BID,5580,1
10:30:32,BID,5579,1
10:30:32,BID,5578,1
10:30:32,ASK,5581,1
10:30:32,ASK,5581,6
10:30:32,ASK,5581,7
10:30:32,BID,5576,1
10:30:32,BID,5575,1
10:30:32,BID,5573,1
10:30:32,BID,5572,1
10:30:32,ASK,5580,1
10:30:32,BID,5573,1
10:30:32,ASK,5581,7
10:30:32,ASK,5580,1
10:30:32,ASK,5581,7
10:30:32,ASK,5581,8
10:30:32,ASK,5581,7
10:30:32,ASK,5580,1
10:30:32,ASK,5580,2
10:30:32,ASK,5579,1
10:30:33,ASK,5580,2
10:30:33,ASK,5580,1
10:30:33,ASK,5580,2
10:30:33,ASK,5580,1
10:30:33,ASK,5579,1
10:30:33,ASK,5579,2
10:30:33,ASK,5579,1
10:30:34,BID,5572,1
10:30:34,ASK,5578,1
10:30:34,ASK,5579,2
10:30:34,BID,5571,2
10:30:34,ASK,5577,1
10:30:34,ASK,5576,1
10:30:34,ASK,5575,1
10:30:34,ASK,5576,1
10:30:34,BID,5570,1
10:30:34,ASK,5571,1
10:30:34,BID,5571,2
10:30:34,ASK,5576,1
10:30:34,BID,5570,1
10:30:34,ASK,5571,1
10:30:34,BID,5571,2
10:30:34,ASK,5577,1
10:30:34,BID,5570,1
10:30:34,ASK,5571,1
10:30:34,BID,5571,2
10:30:34,ASK,5576,1
10:30:34,BID,5570,1
10:30:34,ASK,5571,1
10:30:34,BID,5571,2
10:30:34,ASK,5577,1
10:30:34,BID,5570,1
10:30:34,ASK,5571,1
10:30:34,BID,5571,2
10:30:34,ASK,5575,1
10:30:34,ASK,5576,1
10:30:34,BID,5571,1
10:30:34,ASK,5572,2
10:30:34,ASK,5576,1
10:30:34,ASK,5575,1
10:30:34,ASK,5572,1
10:30:34,BID,5570,3
10:30:34,BID,5572,1
10:30:34,ASK,5577,1
10:30:34,ASK,5576,1
10:30:34,BID,5571,1
10:30:34,ASK,5577,1
10:30:34,ASK,5572,2
10:30:34,BID,5571,2
10:30:34,BID,5571,3
10:30:34,BID,5571,2
10:30:34,TRADE,5572,2
10:30:34,BID,5572,2
10:30:34,ASK,5577,1
10:30:34,ASK,5578,2
10:30:34,BID,5572,3
10:30:34,BID,5571,2
10:30:34,ASK,5572,1
10:30:34,BID,5572,2
10:30:34,ASK,5578,2
10:30:34,BID,5572,1
10:30:34,ASK,5577,1
10:30:34,ASK,5578,2
10:30:34,BID,5571,2
10:30:34,ASK,5572,2
10:30:34,ASK,5572,1
10:30:34,BID,5572,1
10:30:34,ASK,5576,1
10:30:34,BID,5571,2
10:30:34,ASK,5572,1
10:30:34,BID,5572,1
10:30:34,ASK,5576,1
10:30:34,BID,5571,2
10:30:34,ASK,5572,1
10:30:34,BID,5572,1
10:30:34,ASK,5576,1
10:30:34,BID,5571,2
10:30:34,BID,5571,1
10:30:34,ASK,5577,1
10:30:34,ASK,5572,1
10:30:34,BID,5571,2
10:30:34,BID,5571,3
10:30:34,ASK,5576,1
10:30:34,BID,5571,2
10:30:34,ASK,5579,3
10:30:34,ASK,5572,1
10:30:34,TRADE,5572,1
10:30:34,ASK,5578,1
10:30:34,ASK,5579,1
10:30:34,ASK,5581,4
10:30:34,ASK,5577,1
10:30:34,ASK,5572,1
10:30:34,BID,5571,1
10:30:34,BID,5571,3
10:30:34,TRADE,5572,1
10:30:34,ASK,5577,1
10:30:34,ASK,5581,4
10:30:34,ASK,5576,1
10:30:34,ASK,5581,4
10:30:34,ASK,5572,1
10:30:34,TRADE,5572,1
10:30:34,ASK,5577,1
10:30:34,ASK,5578,1
10:30:34,ASK,5579,1
10:30:34,ASK,5581,5
10:30:34,BID,5571,1
10:30:34,ASK,5581,6
10:30:34,ASK,5578,1
10:30:34,ASK,5576,1
10:30:34,BID,5571,3
10:30:34,ASK,5578,1
10:30:34,ASK,5580,1
10:30:34,ASK,5579,1
10:30:34,ASK,5577,1
10:30:35,ASK,5578,1
10:30:35,ASK,5577,1
10:30:35,BID,5573,2
10:30:35,ASK,5577,2
10:30:36,BID,5573,3
10:30:36,ASK,5577,3
10:30:37,ASK,5577,2
10:30:37,ASK,5577,1
10:30:37,ASK,5577,2
10:30:39,ASK,5576,1
10:30:39,ASK,5579,1
10:30:39,BID,5576,1
10:30:39,BID,5574,1
10:30:39,ASK,5578,1
10:30:39,ASK,5576,1
10:30:39,BID,5573,3
10:30:39,ASK,5576,2
10:30:39,ASK,5576,1
10:30:40,BID,5573,4
10:30:41,TRADE,5576,1
10:30:41,BID,5576,12
10:30:41,ASK,5578,2
10:30:41,BID,5576,13
10:30:41,ASK,5578,1
10:30:41,BID,5578,2
10:30:41,ASK,5581,3
10:30:41,ASK,5581,2
10:30:41,ASK,5581,1
10:30:41,ASK,5580,1
10:30:41,ASK,5579,1
10:30:41,BID,5576,5
10:30:41,ASK,5578,1
10:30:41,BID,5576,4
10:30:41,BID,5578,2
10:30:41,ASK,5579,1
10:30:41,BID,5576,3
10:30:41,ASK,5578,2
10:30:41,BID,5576,1
10:30:42,BID,5575,2
10:30:43,BID,5576,20
10:30:43,ASK,5578,3
10:30:43,ASK,5578,2
10:30:43,ASK,5578,1
10:30:43,BID,5578,2
10:30:43,ASK,5582,1
10:30:43,BID,5576,20
10:30:43,ASK,5578,1
10:30:45,BID,5580,9
10:30:45,ASK,5582,1
10:30:45,BID,5581,1
10:30:45,BID,5580,9
10:30:45,ASK,5582,2
10:30:45,BID,5580,8
10:30:45,BID,5580,1
10:30:45,BID,5578,2
10:30:45,ASK,5581,1
10:30:45,BID,5576,20
10:30:45,ASK,5578,2
10:30:45,ASK,5578,3
10:30:45,ASK,5578,2
10:30:45,BID,5577,1
10:30:45,BID,5576,20
10:30:45,BID,5578,1
10:30:45,ASK,5582,1
10:30:46,ASK,5579,1
10:30:46,ASK,5582,1
10:30:46,ASK,5582,2
10:30:46,ASK,5582,4
10:30:46,ASK,5582,5
10:30:47,ASK,5582,6
10:30:48,BID,5580,1
10:30:48,ASK,5582,2
10:30:48,BID,5581,1
10:30:48,BID,5578,2
10:30:48,BID,5578,1
10:30:48,ASK,5582,1
10:30:48,ASK,5583,1
10:30:48,BID,5580,1
10:30:48,ASK,5585,7
10:30:48,BID,5581,1
10:30:48,BID,5580,1
10:30:48,ASK,5584,1
10:30:48,ASK,5585,7
10:30:49,BID,5578,1
10:30:49,ASK,5584,3
10:30:52,BID,5580,1
10:30:53,ASK,5584,4
10:30:54,ASK,5583,1
10:30:54,ASK,5584,2
10:30:54,ASK,5586,2
10:30:54,ASK,5585,1
10:30:55,ASK,5585,2
10:30:55,BID,5578,2
10:30:55,ASK,5585,3
10:30:55,ASK,5585,2
10:30:55,ASK,5584,1
10:30:56,TRADE,5584,1
10:30:56,TRADE,5585,2
10:30:56,TRADE,5586,2
10:30:56,TRADE,5588,1
10:30:56,TRADE,5589,7
10:30:56,TRADE,5590,6
10:30:56,BID,5590,21
10:30:56,ASK,5591,2
10:30:56,TRADE,5590,1
10:30:56,BID,5590,20
10:30:56,TRADE,5590,1
10:30:56,BID,5590,19
10:30:56,TRADE,5590,4
10:30:56,BID,5590,15
10:30:56,TRADE,5590,1
10:30:56,BID,5590,14
10:30:56,TRADE,5590,1
10:30:56,BID,5590,13
10:30:56,TRADE,5590,3
10:30:56,BID,5590,10
10:30:56,TRADE,5590,2
10:30:56,BID,5590,8
10:30:56,TRADE,5590,2
10:30:56,BID,5590,6
10:30:56,TRADE,5590,6
10:30:56,BID,5586,1
10:30:56,ASK,5591,4
10:30:56,BID,5584,1
10:30:56,BID,5585,1
10:30:56,BID,5584,1
10:30:56,ASK,5588,1
10:30:56,ASK,5588,2
10:30:56,ASK,5587,1
10:30:56,BID,5582,1
10:30:56,ASK,5587,2
10:30:56,ASK,5587,1
10:30:56,ASK,5586,1
10:30:56,ASK,5586,2
10:30:56,ASK,5586,1
10:30:56,ASK,5586,2
10:30:56,BID,5582,2
10:30:56,BID,5582,3
10:30:56,TRADE,5586,2
10:30:56,BID,5582,1
10:30:56,ASK,5591,3
10:30:56,BID,5583,1
10:30:56,BID,5584,1
10:30:56,BID,5585,1
10:30:56,BID,5584,1
10:30:56,ASK,5588,2
10:30:56,BID,5583,1
10:30:56,ASK,5588,1
10:30:56,ASK,5588,2
10:30:56,BID,5582,1
10:30:56,BID,5580,2
10:30:56,ASK,5587,1
10:30:56,ASK,5588,2
10:30:56,ASK,5588,3
10:30:56,ASK,5588,4
10:30:56,ASK,5588,3
10:30:56,BID,5580,3
10:30:56,ASK,5588,4
10:30:57,BID,5580,2
10:30:57,ASK,5587,1
10:30:57,ASK,5588,4
10:30:57,ASK,5587,1
10:30:57,ASK,5588,4
10:30:57,ASK,5588,3
10:30:57,ASK,5587,1
10:30:57,ASK,5587,2
10:30:57,ASK,5586,1
10:30:57,ASK,5586,2
10:30:57,ASK,5586,1
10:30:57,ASK,5586,2
10:30:57,ASK,5586,1
10:30:57,BID,5582,1
10:30:57,BID,5582,2
10:30:58,BID,5585,1
10:30:58,BID,5582,2
10:30:58,ASK,5583,3
10:30:58,BID,5582,1
10:30:58,ASK,5583,2
10:30:58,ASK,5583,3
10:30:58,TRADE,5583,1
10:30:58,ASK,5583,2
10:30:58,BID,5581,1
10:30:58,ASK,5584,1
10:30:58,ASK,5588,2
10:30:58,ASK,5586,1
10:30:58,ASK,5586,2
10:30:58,ASK,5586,1
10:30:58,ASK,5584,1
10:30:58,ASK,5583,1
10:30:58,ASK,5584,1
10:30:58,ASK,5585,1
10:30:58,ASK,5587,1
10:30:58,BID,5584,1
10:30:58,ASK,5586,1
10:30:58,TRADE,5584,1
10:30:58,BID,5580,2
10:30:58,ASK,5586,2
10:30:58,BID,5581,1
10:30:58,ASK,5586,1
10:31:00,BID,5584,1
10:31:00,BID,5581,2
10:31:01,BID,5581,3
10:31:01,BID,5584,1
10:31:01,BID,5581,3
10:31:01,BID,5581,2
10:31:01,ASK,5586,2
10:31:01,ASK,5586,3
10:31:01,BID,5579,6
10:31:01,ASK,5583,1
10:31:01,ASK,5581,1
10:31:01,ASK,5583,1
10:31:01,ASK,5582,1
10:31:02,ASK,5583,1
10:31:02,ASK,5583,2
10:31:03,ASK,5583,1
10:31:03,ASK,5584,1
10:31:03,BID,5579,7
10:31:03,ASK,5584,2
10:31:03,BID,5579,5
10:31:03,ASK,5584,1
10:31:04,BID,5582,1
10:31:04,BID,5579,5
10:31:04,ASK,5584,2
10:31:04,BID,5579,6
10:31:05,ASK,5584,1
10:31:06,BID,5582,1
10:31:06,BID,5579,6
10:31:06,ASK,5584,2
10:31:06,ASK,5584,1
10:31:07,TRADE,5584,1
10:31:07,BID,5585,1
10:31:07,ASK,5586,2
10:31:07,BID,5579,5
10:31:07,ASK,5585,1
10:31:07,ASK,5586,2
10:31:07,BID,5581,1
10:31:07,BID,5579,5
10:31:08,BID,5585,1
10:31:08,BID,5579,5
10:31:08,ASK,5585,1
10:31:08,ASK,5586,2
10:31:09,BID,5579,4
10:31:09,BID,5580,2
10:31:09,BID,5581,1
10:31:09,ASK,5586,3
10:31:09,BID,5580,2
10:31:10,BID,5580,1
10:31:10,BID,5579,5
10:31:11,ASK,5583,1
10:31:11,ASK,5583,2
10:31:15,BID,5550,2
10:31:15,ASK,5583,1
10:31:15,BID,5583,8
10:31:15,ASK,5584,1
10:31:15,ASK,5585,1
10:31:15,ASK,5585,2
10:31:15,ASK,5585,1
10:31:15,ASK,5585,2
10:31:15,ASK,5585,3
10:31:15,ASK,5584,1
10:31:15,ASK,5584,2
10:31:15,BID,5583,7
10:31:15,ASK,5584,1
10:31:15,ASK,5585,3
10:31:15,ASK,5585,2
10:31:23,ASK,5585,1
10:31:23,BID,5583,6
10:31:24,BID,5583,7
10:31:26,ASK,5584,1
10:31:28,BID,5583,5
10:31:28,BID,5583,3
10:31:28,BID,5582,4
10:31:28,ASK,5583,1
10:31:28,BID,5583,3
10:31:28,ASK,5584,1
10:31:29,BID,5583,2
10:31:29,BID,5583,1
10:31:30,BID,5582,1
10:31:30,BID,5582,2
10:31:31,BID,5582,1
10:31:31,BID,5582,2
10:31:32,BID,5582,3
10:31:35,ASK,5584,2
10:31:36,ASK,5584,1
10:31:36,ASK,5585,1
10:31:36,ASK,5584,1
10:31:38,BID,5581,11
10:31:38,BID,5581,3
10:31:39,ASK,5582,1
10:31:39,BID,5579,2
10:31:39,TRADE,5582,1
10:31:39,ASK,5585,7
10:31:39,ASK,5584,1
10:31:39,ASK,5584,2
10:31:40,ASK,5584,3
10:31:40,ASK,5583,1
10:31:40,ASK,5583,3
10:31:40,ASK,5583,4
10:31:42,ASK,5583,6
10:31:42,BID,5579,1
10:31:42,BID,5583,2
10:31:42,ASK,5584,1
10:31:50,TRADE,5583,2
10:31:50,BID,5582,6
10:31:50,BID,5578,1
10:31:50,BID,5580,1
10:31:51,BID,5578,1
10:31:51,BID,5579,1
10:31:51,BID,5578,1
10:31:52,BID,5577,2
10:31:52,BID,5582,5
10:31:52,BID,5582,4
10:31:52,BID,5582,2
10:31:52,BID,5580,3
10:31:52,BID,5580,1
10:31:52,BID,5577,2
10:31:52,BID,5578,2
10:31:54,BID,5578,3
10:31:56,BID,5578,2
10:31:56,BID,5582,1
10:31:56,ASK,5584,2
10:31:56,BID,5580,1
10:31:56,ASK,5584,1
10:31:56,ASK,5583,1
10:31:56,BID,5580,2
10:31:56,ASK,5583,2
10:31:58,ASK,5583,4
10:31:58,BID,5580,1
10:31:58,BID,5578,2
10:31:59,BID,5578,3
10:32:00,BID,5578,2
10:32:01,ASK,5581,1
10:32:01,ASK,5581,2
10:32:01,ASK,5581,3
10:32:02,ASK,5581,5
10:32:02,ASK,5581,4
10:32:02,ASK,5581,3
10:32:02,BID,5578,3
10:32:03,ASK,5583,1
10:32:03,BID,5578,2
10:32:03,ASK,5583,2
10:32:03,ASK,5583,1
10:32:03,BID,5578,3
10:32:04,ASK,5583,3
10:32:05,BID,5578,2
10:32:05,ASK,5584,1
10:32:05,BID,5579,1
10:32:05,BID,5578,2
10:32:08,BID,5578,1
10:32:08,ASK,5581,3
10:32:08,ASK,5584,1
10:32:08,ASK,5581,1
10:32:08,BID,5576,2
10:32:09,ASK,5581,2
10:32:09,ASK,5581,3
10:32:10,ASK,5581,5
10:32:10,ASK,5581,6
10:32:10,BID,5578,1
10:32:11,BID,5576,2
10:32:11,ASK,5581,11
10:32:12,ASK,5581,12
10:32:12,ASK,5581,13
10:32:13,BID,5574,2
10:32:14,ASK,5581,12
10:32:14,ASK,5580,1
10:32:16,ASK,5580,3
10:32:17,ASK,5581,2
10:32:17,ASK,5581,3
10:32:17,BID,5575,1
10:32:18,ASK,5581,5
10:32:18,BID,5574,2
10:32:18,ASK,5580,1
10:32:19,TRADE,5574,1
10:32:19,BID,5574,1
10:32:20,ASK,5580,2
10:32:20,BID,5579,1
10:32:20,ASK,5581,1
10:32:20,BID,5574,1
10:32:20,ASK,5580,5
10:32:20,BID,5576,1
10:32:21,ASK,5580,6
10:32:21,BID,5574,1
10:32:22,BID,5575,1
10:32:23,BID,5574,1
10:32:23,ASK,5577,1
10:32:23,ASK,5580,5
10:32:23,BID,5575,1
10:32:23,BID,5574,1
10:32:23,ASK,5578,1
10:32:24,BID,5578,1
10:32:24,ASK,5581,6
10:32:24,ASK,5581,7
10:32:24,BID,5574,1
10:32:25,BID,5575,1
10:32:25,ASK,5581,10
10:32:25,BID,5574,1
10:32:26,BID,5575,1
10:32:26,ASK,5581,11
10:32:26,BID,5574,1
10:32:26,ASK,5580,1
10:32:28,BID,5573,1
10:32:28,ASK,5580,2
10:32:28,ASK,5580,3
10:32:28,BID,5575,1
10:32:30,BID,5574,1
10:32:30,ASK,5580,2
10:32:32,ASK,5580,3
10:32:32,ASK,5580,4
10:32:33,ASK,5579,1
10:32:33,ASK,5579,2
10:32:33,BID,5575,1
10:32:36,ASK,5578,1
10:32:36,ASK,5578,2
10:32:39,BID,5576,1
10:32:39,ASK,5579,1
10:32:39,ASK,5579,2
10:32:40,BID,5574,1
10:32:40,BID,5576,1
10:32:41,ASK,5579,1
10:32:46,ASK,5579,2
10:32:47,ASK,5579,1
10:32:47,ASK,5580,5
10:32:47,BID,5577,1
10:32:47,BID,5576,1
10:32:47,BID,5577,1
10:32:48,ASK,5580,6
10:32:49,ASK,5580,5
10:32:50,ASK,5580,4
10:32:50,ASK,5581,7
10:32:51,ASK,5581,6
10:32:51,ASK,5581,5
10:32:52,BID,5577,2
10:32:52,ASK,5581,4
10:32:52,BID,5577,3
10:32:55,BID,5578,1
10:32:56,BID,5578,2
10:32:57,BID,5579,3
10:32:57,ASK,5582,2
10:33:00,BID,5580,3
10:33:00,ASK,5583,7
10:33:00,ASK,5583,1
10:33:01,BID,5580,1
10:33:01,ASK,5583,2
10:33:01,ASK,5583,3
10:33:03,ASK,5583,2
10:33:03,BID,5580,2
10:33:03,ASK,5583,1
10:33:03,BID,5580,1
10:33:05,BID,5581,1
10:33:06,BID,5582,4
10:33:06,BID,5582,3
10:33:07,BID,5581,1
10:33:08,ASK,5584,1
10:33:08,ASK,5583,1
10:33:15,BID,5582,1
10:33:18,BID,5581,2
10:33:19,BID,5580,4
10:33:19,BID,5581,1
10:33:19,BID,5580,4
10:33:19,BID,5581,1
10:33:19,BID,5582,1
10:33:22,BID,5581,1
10:33:22,BID,5580,3
10:33:22,ASK,5581,2
10:33:23,TRADE,5586,1
10:33:23,TRADE,5587,1
10:33:23,TRADE,5588,1
10:33:23,ASK,5586,1
10:33:23,ASK,5587,1
10:33:23,BID,5583,1
10:33:23,BID,5572,2
10:33:23,BID,5582,1
10:33:23,BID,5586,2
10:33:23,BID,5586,4
10:33:23,BID,5586,3
10:33:23,BID,5586,1
10:33:23,ASK,5588,1
10:33:23,BID,5586,4
10:33:23,BID,5586,2
10:33:23,BID,5586,1
10:33:23,BID,5586,3
10:33:23,BID,5586,2
10:33:23,BID,5586,4
10:33:23,BID,5586,2
10:33:23,BID,5586,1
10:33:23,BID,5586,4
10:33:23,BID,5582,2
10:33:23,BID,5579,3
10:33:23,ASK,5584,1
10:33:23,ASK,5583,1
10:33:23,ASK,5582,2
10:33:23,ASK,5583,1
10:33:23,BID,5583,1
10:33:23,ASK,5586,4
10:33:23,BID,5579,3
10:33:23,ASK,5583,1
10:33:23,BID,5582,1
10:33:23,BID,5579,3
10:33:23,BID,5582,1
10:33:23,BID,5579,3
10:33:23,BID,5582,1
10:33:23,BID,5579,3
10:33:23,BID,5582,1
10:33:23,BID,5583,1
10:33:23,ASK,5586,3
10:33:23,ASK,5586,1
10:33:23,TRADE,5586,1
10:33:23,ASK,5588,4
10:33:23,BID,5583,2
10:33:23,BID,5582,1
10:33:23,ASK,5583,1
10:33:23,TRADE,5583,1
10:33:23,BID,5583,2
10:33:23,ASK,5588,4
10:33:23,ASK,5584,2
10:33:23,ASK,5584,1
10:33:23,ASK,5585,1
10:33:23,ASK,5588,4
10:33:23,ASK,5585,2
10:33:24,ASK,5585,1
10:33:24,BID,5584,2
10:33:25,BID,5584,3
10:33:27,BID,5584,2
10:33:27,ASK,5588,1
10:33:27,BID,5584,1
10:33:27,BID,5583,2
10:33:27,BID,5583,1
10:33:27,ASK,5585,1
10:33:27,ASK,5588,1
10:33:27,ASK,5585,2
10:33:28,ASK,5585,1
10:33:28,BID,5583,2
10:33:28,ASK,5588,1
10:33:28,BID,5583,1
10:33:28,ASK,5585,2
10:33:28,BID,5583,2
10:33:28,BID,5583,1
10:33:28,BID,5583,2
10:33:28,BID,5583,3
10:33:28,ASK,5588,1
10:33:28,BID,5583,2
10:33:28,ASK,5585,1
10:33:30,BID,5583,1
10:33:30,ASK,5588,1
10:33:30,ASK,5585,2
10:33:31,BID,5584,5
10:33:31,ASK,5588,1
10:33:31,BID,5584,4
10:33:31,ASK,5585,2
10:33:31,ASK,5588,1
10:33:31,ASK,5585,1
10:33:32,BID,5584,3
10:33:32,BID,5584,2
10:33:32,BID,5583,3
10:33:32,BID,5583,4
10:33:32,BID,5585,1
10:33:32,ASK,5588,1
10:33:32,BID,5583,2
10:33:32,ASK,5585,1
10:33:32,BID,5583,1
10:33:33,BID,5583,2
10:33:34,BID,5586,2
10:33:34,ASK,5588,2
10:33:34,ASK,5588,1
10:33:34,ASK,5589,4
10:33:34,ASK,5589,5
10:33:35,ASK,5589,3
10:33:35,BID,5583,2
10:33:35,ASK,5586,2
10:33:36,ASK,5586,1
10:33:36,BID,5583,3
10:33:38,ASK,5589,3
10:33:38,ASK,5588,2
10:33:39,BID,5584,1
10:33:40,BID,5586,1
10:33:40,BID,5584,1
10:33:40,BID,5586,1
10:33:40,BID,5584,1
10:33:40,ASK,5587,1
10:33:41,BID,5583,3
10:33:42,ASK,5587,2
10:33:42,ASK,5587,3
10:33:45,BID,5584,1
10:33:45,ASK,5587,2
10:33:48,ASK,5586,1
10:33:50,ASK,5586,2
10:33:51,BID,5584,2
10:33:51,BID,5584,1
10:33:51,ASK,5586,1
10:33:51,ASK,5585,1
10:33:51,ASK,5586,1
10:33:52,ASK,5586,2
10:33:52,ASK,5585,1
10:33:52,BID,5589,1
10:33:52,ASK,5590,1
10:33:52,BID,5589,2
10:33:52,BID,5589,1
10:33:52,BID,5589,2
10:33:52,BID,5589,1
10:33:52,ASK,5590,3
10:34:00,BID,5589,15
10:34:00,ASK,5590,2
10:34:00,ASK,5590,1
10:34:00,BID,5589,14
10:34:00,ASK,5590,3
10:34:00,BID,5589,13
10:34:00,BID,5589,12
10:34:00,ASK,5590,2
10:34:00,BID,5589,11
10:34:00,BID,5584,1
10:34:00,ASK,5589,1
10:34:00,ASK,5589,2
10:34:00,ASK,5589,1
10:34:00,ASK,5589,3
10:34:00,ASK,5589,2
10:34:00,BID,5589,11
10:34:00,ASK,5590,2
10:34:00,BID,5589,10
10:34:00,ASK,5590,1
10:34:00,BID,5589,9
10:34:00,BID,5589,10
10:34:00,BID,5589,9
10:34:00,BID,5589,8
10:34:00,BID,5589,9
10:34:00,BID,5589,8
10:34:00,BID,5584,1
10:34:00,ASK,5589,1
10:34:00,BID,5589,8
10:34:00,ASK,5590,1
10:34:00,BID,5590,6
10:34:00,ASK,5591,1
10:34:00,BID,5590,5
10:34:00,BID,5590,4
10:34:00,BID,5589,10
10:34:00,ASK,5590,1
10:34:00,BID,5589,8
10:34:00,BID,5589,7
10:34:00,BID,5589,8
10:34:00,BID,5589,9
10:34:00,BID,5589,10
10:34:00,BID,5589,8
10:34:00,BID,5589,9
10:34:00,BID,5589,8
10:34:00,BID,5589,7
10:34:00,BID,5589,6
10:34:00,BID,5588,1
10:34:00,ASK,5589,1
10:34:01,BID,5589,6
10:34:01,ASK,5590,1
10:34:03,BID,5588,1
10:34:04,ASK,5589,2
10:34:05,BID,5588,2
10:34:06,TRADE,5589,1
10:34:06,ASK,5589,1
10:34:07,TRADE,5589,1
10:34:07,BID,5589,4
10:34:07,ASK,5590,1
10:34:07,TRADE,5590,1
10:34:07,TRADE,5589,1
10:34:07,BID,5589,3
10:34:07,TRADE,5589,1
10:34:07,BID,5589,2
10:34:07,TRADE,5589,2
10:34:07,BID,5588,2
10:34:07,ASK,5589,1
10:34:07,BID,5588,1
10:34:07,TRADE,5589,1
10:34:07,ASK,5590,1
10:34:07,BID,5589,1
10:34:07,TRADE,5589,1
10:34:07,BID,5588,1
10:34:07,ASK,5589,1
10:34:07,BID,5588,2
10:34:07,BID,5588,1
10:34:09,TRADE,5589,1
10:34:09,ASK,5590,1
10:34:09,BID,5588,2
10:34:09,ASK,5589,1
10:34:09,BID,5588,1
10:34:10,BID,5588,2
10:34:11,TRADE,5589,1
10:34:11,ASK,5590,1
10:34:11,ASK,5589,1
10:34:11,TRADE,5589,1
10:34:11,ASK,5590,1
10:34:11,ASK,5589,1
10:34:12,TRADE,5589,1
10:34:12,ASK,5590,1
10:34:12,ASK,5589,1
10:34:12,BID,5588,1
10:34:12,BID,5588,2
10:34:13,TRADE,5589,1
10:34:13,ASK,5591,1
10:34:13,ASK,5589,1
10:34:13,TRADE,5589,1
10:34:13,ASK,5591,1
10:34:14,BID,5589,2
10:34:17,BID,5589,1
10:34:17,BID,5589,2
10:34:18,BID,5589,1
10:34:19,BID,5588,3
10:34:19,BID,5589,1
10:34:20,BID,5590,1
10:34:21,BID,5589,1
10:34:22,TRADE,5589,1
10:34:22,BID,5588,2
10:34:25,BID,5589,1
10:34:26,ASK,5590,1
10:34:26,BID,5588,2
10:34:28,BID,5589,2
10:34:29,BID,5589,1
10:34:29,BID,5588,2
10:34:31,BID,5588,1
10:34:34,BID,5589,1
10:34:38,BID,5586,2
10:34:38,BID,5586,1
10:34:39,BID,5586,8
10:34:39,BID,5586,9
10:34:40,BID,5586,4
10:34:41,BID,5586,5
10:34:43,ASK,5590,2
10:34:43,ASK,5590,3
10:34:45,ASK,5590,4
10:34:45,ASK,5590,5
10:34:46,ASK,5590,4
10:34:48,ASK,5589,5
10:34:48,ASK,5589,4
10:34:49,BID,5588,1
10:34:49,ASK,5590,9
10:34:49,BID,5586,3
10:34:49,BID,5586,2
10:34:49,BID,5586,1
10:34:51,ASK,5590,10
10:34:52,ASK,5589,2
10:34:52,ASK,5589,3
10:34:55,ASK,5589,4
10:34:55,ASK,5589,3
10:34:56,BID,5586,2
10:34:56,BID,5586,3
10:34:56,BID,5586,4
10:34:56,BID,5586,3
10:34:56,ASK,5589,2
10:34:56,BID,5586,2
10:34:56,BID,5586,1
10:34:59,ASK,5589,3
10:34:59,ASK,5589,4
10:35:00,ASK,5589,5
10:35:00,ASK,5589,4
10:35:00,ASK,5589,3
10:35:00,ASK,5589,4
10:35:00,ASK,5589,5
10:35:00,ASK,5589,4
10:35:00,ASK,5589,5
10:35:00,ASK,5589,6
10:35:01,ASK,5588,1
10:35:01,ASK,5588,2
10:35:01,BID,5584,1
10:35:02,BID,5587,5
10:35:02,TRADE,5587,5
10:35:02,BID,5584,1
10:35:02,ASK,5587,5
10:35:03,ASK,5587,6
10:35:03,BID,5583,2
10:35:03,ASK,5587,7
10:35:03,ASK,5586,1
10:35:03,ASK,5586,2
10:35:04,ASK,5586,5
10:35:07,ASK,5586,2
10:35:07,ASK,5584,3
10:35:07,BID,5583,1
10:35:11,BID,5583,2
10:35:12,ASK,5584,4
10:35:13,TRADE,5584,1
10:35:13,BID,5583,1
10:35:13,ASK,5584,3
10:35:14,TRADE,5583,10
10:35:14,BID,5583,2
10:35:16,TRADE,5583,11
10:35:16,BID,5582,3
10:35:16,ASK,5583,2
10:35:16,BID,5582,2
10:35:19,TRADE,5583,1
10:35:19,ASK,5583,1
10:35:20,TRADE,5583,1
10:35:20,BID,5583,1
10:35:20,ASK,5584,3
10:35:20,BID,5582,2
10:35:20,BID,5582,3
10:35:21,BID,5583,1
10:35:21,BID,5582,3
10:35:21,BID,5582,2
10:35:22,BID,5582,3
10:35:22,BID,5582,4
10:35:22,BID,5582,3
10:35:23,BID,5582,2
10:35:25,BID,5583,1
10:35:25,BID,5583,2
10:35:25,BID,5583,3
10:35:25,BID,5583,4
10:35:26,ASK,5584,1
10:35:26,BID,5583,2
10:35:29,BID,5582,6
10:35:29,BID,5582,2
10:35:29,ASK,5584,2
10:35:29,ASK,5584,3
10:35:29,ASK,5584,4
10:35:29,ASK,5583,1
10:35:29,ASK,5583,2
10:35:30,BID,5581,1
10:35:30,ASK,5582,1
10:35:30,ASK,5582,2
10:35:31,ASK,5582,1
10:35:31,ASK,5583,1
10:35:31,ASK,5584,4
10:35:32,ASK,5584,3
10:35:33,ASK,5583,1
10:35:34,ASK,5584,3
10:35:35,ASK,5583,1
10:35:35,ASK,5583,2
10:35:35,ASK,5583,1
10:35:37,ASK,5583,2
10:35:41,BID,5579,3
10:35:41,ASK,5581,2
10:35:41,BID,5579,2
10:35:41,BID,5579,1
10:35:41,ASK,5581,1
10:35:41,BID,5581,1
10:35:41,ASK,5583,2
10:35:42,ASK,5583,1
10:35:42,ASK,5582,1
10:35:43,BID,5579,4
10:35:43,ASK,5581,1
10:35:43,BID,5579,3
10:35:43,BID,5579,2
10:35:43,BID,5579,1
10:35:43,BID,5576,2
10:35:43,BID,5576,3
10:35:43,BID,5576,4
10:35:43,BID,5576,5
10:35:43,ASK,5580,1
10:35:43,BID,5577,1
10:35:43,BID,5577,2
10:35:43,BID,5577,3
10:35:43,ASK,5581,1
10:35:43,BID,5581,1
10:35:43,ASK,5582,3
10:35:43,ASK,5582,2
10:35:43,ASK,5582,1
10:35:43,ASK,5583,1
10:35:43,ASK,5583,2
10:35:43,BID,5581,2
10:35:44,ASK,5583,1
10:35:45,ASK,5583,2
10:35:45,BID,5581,1
10:35:45,ASK,5583,3
10:35:46,BID,5581,6
10:35:46,ASK,5583,2
10:35:46,ASK,5583,1
10:35:46,ASK,5584,5
10:35:46,ASK,5584,4
10:35:46,ASK,5584,3
10:35:48,ASK,5584,4
10:35:49,BID,5581,5
10:35:49,ASK,5584,5
10:35:50,BID,5581,3
10:35:50,ASK,5583,1
10:35:50,ASK,5583,2
10:35:51,ASK,5583,3
10:35:52,BID,5581,2
10:35:52,ASK,5583,2
10:35:52,ASK,5584,6
10:35:52,BID,5581,3
10:35:52,BID,5581,4
10:35:52,BID,5581,5
10:35:52,ASK,5584,5
10:35:52,ASK,5584,4
10:35:53,BID,5581,4
10:35:53,BID,5581,5
10:35:53,ASK,5584,5
10:35:53,ASK,5584,6
10:35:53,ASK,5583,1
10:35:53,ASK,5584,6
10:35:53,ASK,5584,5
10:35:53,ASK,5584,4
10:35:54,BID,5581,6
10:35:55,ASK,5584,6
10:35:55,BID,5581,5
10:35:56,BID,5581,6
10:35:56,ASK,5584,5
10:35:58,BID,5581,5
10:35:59,ASK,5583,1
10:35:59,ASK,5583,2
10:36:00,BID,5582,7
10:36:00,ASK,5584,5
10:36:00,ASK,5584,1
10:36:00,BID,5583,1
10:36:00,BID,5582,7
10:36:00,BID,5583,1
10:36:00,BID,5582,7
10:36:00,ASK,5584,2
10:36:00,ASK,5584,1
10:36:00,ASK,5584,2
10:36:00,ASK,5584,1
10:36:00,BID,5583,2
10:36:00,BID,5582,7
10:36:00,ASK,5584,2
10:36:00,ASK,5584,1
10:36:00,BID,5583,1
10:36:00,BID,5582,7
10:36:00,ASK,5584,2
10:36:00,ASK,5584,1
10:36:01,BID,5581,7
10:36:01,ASK,5584,2
10:36:01,BID,5581,6
10:36:01,BID,5581,5
10:36:01,ASK,5584,3
10:36:02,ASK,5584,2
10:36:02,BID,5582,2
10:36:04,ASK,5584,3
10:36:05,ASK,5584,2
10:36:05,ASK,5584,1
10:36:05,BID,5581,5
10:36:05,BID,5581,6
10:36:05,BID,5581,5
10:36:05,ASK,5584,2
10:36:05,ASK,5584,3
10:36:05,BID,5583,7
10:36:05,ASK,5584,1
10:36:05,ASK,5585,2
10:36:05,ASK,5584,3
10:36:05,BID,5582,18
10:36:05,ASK,5583,1
10:36:05,TRADE,5583,1
10:36:05,BID,5583,7
10:36:05,ASK,5584,2
10:36:05,ASK,5584,1
10:36:05,ASK,5585,2
10:36:05,ASK,5584,3
10:36:08,BID,5581,7
10:36:08,BID,5582,1
10:36:09,BID,5582,2
10:36:12,BID,5582,3
10:36:12,BID,5583,9
10:36:12,BID,5584,7
10:36:12,ASK,5586,2
10:36:12,ASK,5587,3
10:36:12,BID,5584,10
10:36:12,ASK,5587,2
10:36:12,BID,5585,1
10:36:12,BID,5585,2
10:36:12,BID,5585,3
10:36:12,BID,5585,2
10:36:12,BID,5585,1
10:36:12,BID,5585,2
10:36:12,ASK,5588,5
10:36:12,ASK,5588,4
10:36:12,BID,5585,3
10:36:13,BID,5586,2
10:36:13,BID,5586,3
10:36:13,ASK,5588,3
10:36:13,BID,5586,2
10:36:15,BID,5586,3
10:36:16,ASK,5588,1
10:36:16,BID,5587,1
10:36:16,BID,5587,2
10:36:16,TRADE,5588,1
10:36:16,ASK,5589,3
10:36:16,BID,5587,3
10:36:16,ASK,5589,2
10:36:16,BID,5587,2
10:36:16,ASK,5589,1
10:36:16,BID,5588,1
10:36:16,BID,5587,2
10:36:16,ASK,5589,2
10:36:16,BID,5587,1
10:36:16,BID,5586,4
10:36:16,ASK,5589,3
10:36:16,BID,5586,3
10:36:16,BID,5586,4
10:36:16,BID,5587,1
10:36:16,ASK,5589,2
10:36:16,BID,5586,4
10:36:16,ASK,5589,3
10:36:16,BID,5586,3
10:36:16,BID,5586,2
10:36:16,BID,5586,3
10:36:17,BID,5584,2
10:36:17,ASK,5587,1
10:36:17,ASK,5587,2
10:36:17,BID,5584,3
10:36:17,ASK,5587,1
10:36:17,ASK,5587,2
10:36:17,ASK,5587,3
10:36:17,ASK,5587,2
10:36:17,BID,5584,2
10:36:17,BID,5584,3
10:36:17,BID,5584,4
10:36:17,ASK,5587,1
10:36:17,ASK,5587,2
10:36:17,ASK,5587,3
10:36:17,ASK,5587,2
10:36:17,ASK,5587,1
10:36:17,BID,5585,2
10:36:17,BID,5585,3
10:36:18,BID,5585,2
10:36:18,BID,5585,3
10:36:18,BID,5585,2
10:36:18,ASK,5587,2
10:36:19,ASK,5587,1
10:36:19,ASK,5587,2
10:36:19,BID,5584,3
10:36:19,BID,5584,2
10:36:20,ASK,5587,3
10:36:20,BID,5584,3
10:36:20,BID,5584,4
10:36:20,ASK,5587,2
10:36:20,ASK,5587,1
10:36:21,BID,5586,1
10:36:21,ASK,5588,4
10:36:21,BID,5584,4
10:36:21,ASK,5587,1
10:36:21,ASK,5587,2
10:36:21,ASK,5587,3
10:36:21,BID,5584,3
10:36:21,ASK,5586,1
10:36:21,BID,5584,2
10:36:21,BID,5584,3
10:36:21,ASK,5587,3
10:36:21,ASK,5587,2
10:36:21,ASK,5587,1
10:36:21,ASK,5587,2
10:36:22,ASK,5587,3
10:36:22,BID,5584,2
10:36:22,ASK,5587,4
10:36:24,ASK,5586,1
10:36:24,ASK,5586,2
10:36:26,BID,5585,5
10:36:26,ASK,5587,4
10:36:26,ASK,5587,3
10:36:27,BID,5585,3
10:36:27,ASK,5587,2
10:36:27,ASK,5587,1
10:36:28,BID,5585,4
10:36:28,BID,5585,1
10:36:29,BID,5584,3
10:36:29,ASK,5586,1
10:36:29,ASK,5587,1
10:36:29,ASK,5586,1
10:36:31,BID,5585,1
10:36:31,ASK,5587,1
10:36:31,BID,5584,3
10:36:31,ASK,5587,2
10:36:31,ASK,5586,1
10:36:32,BID,5584,1
10:36:32,BID,5583,5
10:36:32,ASK,5585,1
10:36:32,ASK,5585,2
10:36:33,ASK,5586,2
10:36:33,BID,5584,3
10:36:33,ASK,5586,1
10:36:33,ASK,5586,2
10:36:34,BID,5584,5
10:36:36,TRADE,5586,1
10:36:35,ASK,5586,1
10:36:36,ASK,5587,2
10:36:36,ASK,5586,1
10:36:36,ASK,5587,4
10:36:36,ASK,5587,3
10:36:37,ASK,5587,2
10:36:37,ASK,5587,3
10:36:38,BID,5585,1
10:36:38,ASK,5587,2
10:36:38,ASK,5587,1
10:36:39,ASK,5587,2
10:36:39,ASK,5587,3
10:36:39,ASK,5587,4
10:36:39,ASK,5587,3
10:36:41,ASK,5588,8
10:36:42,ASK,5587,1
10:36:43,ASK,5587,2
10:36:43,ASK,5587,3
10:36:45,BID,5584,6
10:36:47,ASK,5587,8
10:36:48,BID,5584,3
10:36:48,BID,5584,5
10:36:48,BID,5584,4
10:36:49,BID,5584,2
10:36:49,BID,5584,1
10:36:52,BID,5584,5
10:36:54,BID,5584,3
10:36:54,BID,5584,2
10:36:54,BID,5584,1
10:36:55,BID,5584,5
10:36:59,BID,5584,2
10:36:59,BID,5584,3
10:37:00,BID,5584,2
10:37:00,BID,5584,6
10:37:00,BID,5585,9
10:37:00,ASK,5588,12
10:37:00,ASK,5588,11
10:37:00,ASK,5588,10
10:37:00,ASK,5588,9
10:37:01,BID,5585,7
10:37:02,BID,5584,7
10:37:03,ASK,5588,10
10:37:03,ASK,5587,2
10:37:03,ASK,5587,3
10:37:04,ASK,5586,1
10:37:06,BID,5584,6
10:37:07,BID,5584,7
10:37:11,BID,5585,2
10:37:11,BID,5585,3
10:37:11,TRADE,5586,1
10:37:11,ASK,5588,9
10:37:12,ASK,5588,6
10:37:12,ASK,5588,4
10:37:14,BID,5585,2
10:37:14,BID,5584,7
10:37:14,ASK,5588,5
10:37:14,ASK,5588,6
10:37:14,ASK,5587,2
10:37:14,ASK,5587,3
10:37:15,ASK,5588,6
10:37:16,ASK,5588,5
10:37:17,ASK,5588,6
10:37:18,ASK,5587,3
10:37:18,ASK,5587,4
10:37:18,ASK,5587,3
10:37:18,ASK,5587,4
10:37:19,ASK,5587,3
10:37:19,ASK,5587,4
10:37:19,ASK,5587,7
10:37:19,BID,5584,6
10:37:19,BID,5584,4
10:37:19,BID,5584,3
10:37:19,BID,5583,5
10:37:19,ASK,5586,1
10:37:19,ASK,5586,2
10:37:19,ASK,5586,3
10:37:19,ASK,5586,2
10:37:19,ASK,5586,3
10:37:19,BID,5582,1
10:37:19,ASK,5585,1
10:37:19,BID,5581,4
10:37:19,ASK,5585,2
10:37:19,ASK,5585,3
10:37:20,ASK,5584,2
10:37:20,ASK,5584,3
10:37:21,BID,5581,3
10:37:21,BID,5581,1
10:37:21,ASK,5584,4
10:37:22,ASK,5584,3
10:37:25,ASK,5584,4
10:37:25,ASK,5583,1
10:37:25,ASK,5582,1
10:37:28,ASK,5583,1
10:37:28,ASK,5582,1
10:37:29,ASK,5583,1
10:37:29,ASK,5582,1
10:37:32,ASK,5582,2
10:37:32,ASK,5582,1
10:37:33,ASK,5582,2
10:37:35,ASK,5582,3
10:37:43,TRADE,5582,2
10:37:43,ASK,5582,1
10:37:43,ASK,5583,1
10:37:45,ASK,5582,1
10:38:00,BID,5581,5
10:38:00,ASK,5583,1
10:38:00,ASK,5584,2
10:38:00,BID,5582,1
10:38:00,ASK,5584,1
10:38:00,BID,5582,2
10:38:00,ASK,5585,2
10:38:00,BID,5582,1
10:38:00,ASK,5584,1
10:38:01,BID,5581,5
10:38:03,BID,5581,1
10:38:03,ASK,5583,1
10:38:03,ASK,5584,3
10:38:04,ASK,5584,2
10:38:04,ASK,5584,1
10:38:05,ASK,5584,2
10:38:05,ASK,5584,3
10:38:06,ASK,5584,2
10:38:06,ASK,5585,1
10:38:06,ASK,5586,10
10:38:06,ASK,5586,9
10:38:06,BID,5581,2
10:38:06,ASK,5585,1
10:38:06,BID,5581,3
10:38:06,ASK,5585,2
10:38:06,BID,5581,2
10:38:06,BID,5581,3
10:38:06,BID,5583,4
10:38:06,ASK,5586,8
10:38:06,ASK,5586,7
10:38:08,BID,5581,4
10:38:08,BID,5582,1
10:38:08,BID,5582,2
10:38:08,ASK,5586,6
10:38:08,BID,5583,1
10:38:08,BID,5582,3
10:38:08,ASK,5585,2
10:38:08,BID,5582,2
10:38:11,ASK,5585,3
10:38:12,BID,5583,4
10:38:12,ASK,5586,6
10:38:14,BID,5583,1
10:38:14,BID,5582,4
10:38:14,ASK,5586,7
10:38:14,ASK,5586,6
10:38:14,ASK,5586,7
10:38:14,BID,5582,5
10:38:14,ASK,5586,6
10:38:14,ASK,5585,3
10:38:14,BID,5582,4
10:38:15,ASK,5585,4
10:38:15,BID,5582,2
10:38:19,BID,5582,1
10:38:20,ASK,5585,7
10:38:21,BID,5581,3
10:38:21,ASK,5584,1
10:38:21,BID,5581,2
10:38:21,ASK,5584,2
10:38:21,BID,5581,1
10:38:21,ASK,5583,1
10:38:22,ASK,5584,1
10:38:22,ASK,5584,2
10:38:24,ASK,5584,5
10:38:24,ASK,5583,1
10:38:26,ASK,5583,2
10:38:27,ASK,5583,3
10:38:27,ASK,5583,2
10:38:28,ASK,5583,1
10:38:29,ASK,5583,2
10:38:30,ASK,5583,1
10:38:36,ASK,5583,2
10:38:37,ASK,5583,3
10:38:37,BID,5582,2
10:38:37,ASK,5583,2
10:38:37,BID,5581,1
10:38:41,ASK,5583,3
10:38:41,ASK,5583,2
10:38:42,ASK,5583,3
10:38:42,ASK,5582,1
10:38:42,BID,5579,2
10:38:42,ASK,5581,1
10:38:42,BID,5578,1
10:38:42,BID,5577,2
10:38:42,BID,5578,1
10:38:44,BID,5578,2
10:38:44,BID,5578,3
10:38:47,BID,5578,2
10:38:47,BID,5578,1
10:38:48,BID,5578,2
10:38:53,BID,5578,3
10:38:53,BID,5579,1
10:38:53,BID,5581,1
10:38:53,ASK,5583,2
10:38:53,ASK,5583,1
10:38:54,ASK,5583,2
10:38:55,ASK,5583,1
10:38:57,ASK,5584,3
10:38:57,ASK,5584,2
10:38:58,ASK,5584,3
10:38:58,ASK,5584,4
10:38:59,ASK,5584,3
10:39:00,ASK,5584,4
10:39:03,ASK,5584,3
10:39:03,ASK,5584,2
10:39:04,ASK,5584,3
10:39:04,ASK,5584,4
10:39:08,ASK,5584,5
10:39:11,ASK,5583,1
10:39:11,BID,5580,4
10:39:17,BID,5580,6
10:39:18,BID,5580,5
10:39:18,BID,5580,4
10:39:19,BID,5580,5
10:39:19,ASK,5584,4
10:39:19,ASK,5584,3
10:39:19,BID,5580,6
10:39:19,BID,5581,1
10:39:19,BID,5581,2
10:39:20,BID,5581,1
10:39:20,BID,5580,4
10:39:20,BID,5580,5
10:39:20,BID,5580,6
10:39:22,ASK,5584,4
10:39:25,BID,5580,7
10:39:27,BID,5581,1
10:39:27,BID,5581,2
10:39:27,BID,5581,3
10:39:27,BID,5581,2
10:39:28,BID,5581,3
10:39:28,BID,5581,4
10:39:29,ASK,5585,7
10:39:29,BID,5581,5
10:39:30,ASK,5585,8
10:39:30,BID,5581,4
10:39:30,ASK,5584,1
10:39:30,BID,5581,5
10:39:32,ASK,5585,7
10:39:32,BID,5581,4
10:39:33,BID,5582,1
10:39:34,BID,5582,2
10:39:34,ASK,5585,8
10:39:34,BID,5582,1
10:39:34,BID,5581,1
10:39:34,BID,5580,5
10:39:34,BID,5580,4
10:39:34,BID,5581,1
10:39:34,ASK,5585,9
10:39:34,ASK,5584,1
10:39:34,ASK,5584,2
10:39:34,BID,5580,4
10:39:34,ASK,5584,3
10:39:34,ASK,5584,2
10:39:34,ASK,5584,1
10:39:34,ASK,5585,9
10:39:34,ASK,5584,1
10:39:34,BID,5581,1
10:39:34,ASK,5584,2
10:39:34,BID,5580,5
10:39:34,ASK,5584,1
10:39:34,ASK,5585,7
10:39:34,BID,5580,4
10:39:34,ASK,5584,1
10:39:34,ASK,5585,7
10:39:34,BID,5580,5
10:39:35,ASK,5585,4
10:39:35,BID,5580,6
10:39:35,BID,5581,1
10:39:35,ASK,5585,5
10:39:35,BID,5581,2
10:39:35,ASK,5585,4
10:39:35,BID,5581,3
10:39:36,ASK,5584,3
10:39:36,BID,5581,2
10:39:36,BID,5581,1
10:39:40,BID,5581,2
10:39:40,BID,5581,3
10:39:41,ASK,5585,4
10:39:42,BID,5581,4
10:39:42,BID,5582,1
10:39:42,BID,5582,2
10:39:43,ASK,5585,3
10:39:44,BID,5582,1
10:39:44,BID,5582,2
10:39:44,BID,5582,1
10:39:44,BID,5581,4
10:39:44,ASK,5584,1
10:39:44,BID,5581,3
10:39:44,TRADE,5581,1
10:39:44,BID,5581,2
10:39:44,BID,5581,1
10:39:45,BID,5581,2
10:39:46,BID,5581,3
10:39:47,BID,5581,2
10:39:48,BID,5581,1
10:39:48,ASK,5584,2
10:39:50,BID,5581,2
10:39:50,BID,5581,3
10:39:51,BID,5581,2
10:39:52,ASK,5584,1
10:39:53,BID,5581,3
10:39:53,ASK,5584,2
10:39:53,BID,5581,2
10:39:54,BID,5581,1
10:39:55,BID,5581,2
10:39:56,BID,5581,1
10:40:01,BID,5581,2
10:40:01,ASK,5584,3
10:40:02,BID,5581,1
10:40:02,BID,5581,2
10:40:02,ASK,5584,4
10:40:02,BID,5581,1
10:40:04,BID,5581,2
10:40:07,BID,5581,3
10:40:08,ASK,5584,3
10:40:08,ASK,5584,2
10:40:11,BID,5581,2
10:40:13,ASK,5584,1
10:40:13,ASK,5584,2
10:40:13,ASK,5584,3
10:40:13,BID,5581,1
10:40:13,ASK,5584,2
10:40:13,ASK,5584,3
10:40:15,ASK,5584,4
10:40:15,ASK,5584,3
10:40:15,BID,5581,2
10:40:18,ASK,5584,2
10:40:18,ASK,5584,3
10:40:18,BID,5581,1
10:40:21,ASK,5584,4
10:40:24,BID,5581,2
10:40:24,ASK,5584,3
10:40:26,ASK,5584,2
10:40:26,ASK,5584,3
10:40:29,BID,5581,1
10:40:29,ASK,5584,1
10:40:29,BID,5581,2
10:40:29,BID,5582,2
10:40:29,BID,5582,1
10:40:29,BID,5582,2
10:40:29,BID,5582,1
10:40:31,BID,5581,1
10:40:31,BID,5581,2
10:40:34,BID,5581,3
10:40:35,BID,5581,2
10:40:37,BID,5581,1
10:40:39,BID,5581,2
10:40:44,ASK,5584,2
10:40:44,ASK,5584,1
10:40:44,ASK,5584,2
10:40:44,ASK,5584,1
10:40:44,BID,5582,1
10:40:46,BID,5581,1
10:40:46,BID,5581,2
10:40:46,BID,5581,3
10:40:47,BID,5581,2
10:40:47,BID,5581,3
10:40:50,BID,5582,1
10:40:53,BID,5581,3
10:40:53,BID,5581,2
10:40:53,ASK,5584,2
10:40:53,BID,5581,1
10:40:53,ASK,5584,3
10:40:53,BID,5581,2
10:40:53,ASK,5584,2
10:40:55,BID,5581,1
10:40:55,BID,5580,2
10:40:55,BID,5580,3
10:40:55,BID,5580,4
10:40:55,BID,5581,1
10:40:55,BID,5581,2
10:40:57,BID,5581,3
10:40:58,ASK,5584,3
10:41:00,BID,5581,2
10:41:00,BID,5581,1
10:41:02,BID,5580,2
10:41:02,BID,5580,3
10:41:02,BID,5580,4
10:41:02,BID,5580,5
10:41:03,BID,5580,4
10:41:03,BID,5580,5
10:41:03,ASK,5583,1
10:41:03,BID,5580,4
10:41:03,ASK,5584,3
10:41:03,ASK,5584,2
10:41:03,BID,5580,5
10:41:03,ASK,5584,3
10:41:04,BID,5580,4
10:41:04,ASK,5584,4
10:41:05,BID,5580,5
10:41:05,BID,5580,3
10:41:05,BID,5580,2
10:41:05,BID,5580,3
10:41:05,ASK,5584,5
10:41:05,BID,5581,1
10:41:05,BID,5581,2
10:41:05,ASK,5584,4
10:41:06,ASK,5584,3
10:41:07,BID,5581,1
10:41:08,BID,5581,2
10:41:10,BID,5581,3
10:41:11,BID,5581,2
10:41:12,ASK,5584,4
10:41:13,BID,5581,3
10:41:13,BID,5581,2
10:41:15,BID,5580,2
10:41:15,ASK,5583,3
10:41:15,BID,5580,1
10:41:15,BID,5580,2
10:41:15,ASK,5583,4
10:41:15,ASK,5583,5
10:41:16,ASK,5583,6
10:41:17,ASK,5583,5
10:41:18,ASK,5583,6
10:41:18,BID,5580,1
10:41:21,ASK,5583,7
10:41:22,BID,5579,4
10:41:22,BID,5579,3
10:41:22,BID,5579,2
10:41:24,ASK,5583,8
10:41:24,BID,5579,3
10:41:25,BID,5579,4
10:41:25,BID,5579,3
10:41:27,BID,5579,4
10:41:31,BID,5579,3
10:41:32,ASK,5583,9
10:41:34,BID,5579,5
10:41:34,ASK,5582,2
10:41:34,BID,5579,6
10:41:34,ASK,5582,4
10:41:34,BID,5580,1
10:41:34,BID,5580,2
10:41:34,ASK,5582,5
10:41:35,BID,5580,3
10:41:35,BID,5580,2
10:41:37,BID,5580,1
10:41:38,BID,5580,2
10:41:41,ASK,5582,3
10:41:41,BID,5580,1
10:41:41,ASK,5582,1
10:41:44,BID,5579,2
10:41:44,BID,5579,3
10:41:45,BID,5579,2
10:41:46,BID,5579,3
10:41:48,BID,5579,2
10:41:51,BID,5579,3
10:41:52,BID,5580,1
10:41:52,BID,5580,2
10:41:53,BID,5580,3
10:41:53,BID,5580,2
10:41:53,BID,5580,1
10:41:53,BID,5579,3
10:41:53,BID,5579,2
10:41:56,BID,5579,3
10:41:59,BID,5579,2
10:42:00,BID,5579,3
10:42:01,BID,5579,6
10:42:02,BID,5580,1
10:42:02,BID,5580,2
10:42:02,BID,5580,1
10:42:02,BID,5580,2
10:42:03,BID,5580,5
10:42:03,BID,5581,1
10:42:03,BID,5581,2
10:42:03,BID,5581,3
10:42:03,BID,5581,2
10:42:03,BID,5581,1
10:42:03,BID,5580,5
10:42:04,BID,5580,4
10:42:05,BID,5580,3
10:42:15,BID,5580,4
10:42:17,BID,5579,7
10:42:17,ASK,5581,3
10:42:17,BID,5579,6
10:42:17,ASK,5581,4
10:42:17,BID,5579,7
10:42:17,ASK,5581,5
10:42:19,BID,5579,6
10:42:21,ASK,5581,4
10:42:24,ASK,5581,3
10:42:24,ASK,5581,2
10:42:24,BID,5579,5
10:42:26,BID,5579,3
10:42:26,BID,5578,4
10:42:26,BID,5578,3
10:42:26,BID,5578,2
10:42:26,BID,5578,1
10:42:48,BID,5578,2
10:42:48,BID,5578,3
10:42:48,BID,5578,4
10:42:48,BID,5579,1
10:42:48,BID,5579,2
10:42:48,BID,5579,3
10:42:48,BID,5579,4
10:42:48,BID,5579,3
10:42:48,ASK,5581,3
10:42:48,BID,5579,2
10:42:54,BID,5579,1
10:42:54,BID,5578,3
10:42:56,BID,5579,1
10:42:56,BID,5579,2
10:42:59,BID,5579,1
10:43:00,BID,5578,3
10:43:00,BID,5579,1
10:43:00,BID,5579,2
10:43:06,BID,5579,1
10:43:06,BID,5579,2
10:43:06,BID,5579,1
10:43:08,BID,5579,2
10:43:08,BID,5578,3
10:43:08,BID,5579,1
10:43:13,BID,5578,3
10:43:13,BID,5578,2
10:43:13,BID,5578,3
10:43:13,BID,5578,2
10:43:13,BID,5578,1
10:43:13,ASK,5581,2
10:43:13,BID,5578,2
10:43:13,BID,5578,3
10:43:15,BID,5578,2
10:43:15,BID,5578,3
10:43:15,BID,5578,2
10:43:16,BID,5578,3
10:43:17,BID,5578,1
10:43:18,ASK,5579,1
10:43:18,ASK,5579,2
10:43:22,ASK,5579,1
10:43:23,ASK,5579,2
10:43:24,ASK,5579,1
10:43:28,ASK,5579,2
10:43:28,ASK,5579,1
10:43:30,ASK,5579,2
10:43:30,ASK,5579,1
10:43:34,ASK,5579,2
10:43:38,BID,5576,3
10:43:38,ASK,5578,1
10:43:38,BID,5576,2
10:43:38,BID,5576,1
10:43:38,ASK,5578,2
10:43:39,ASK,5578,1
10:43:39,TRADE,5578,1
10:43:40,ASK,5578,3
10:43:41,ASK,5578,2
10:43:41,BID,5576,2
10:43:41,BID,5578,1
10:43:41,ASK,5579,2
10:43:42,ASK,5580,5
10:43:43,BID,5576,5
10:43:43,ASK,5578,1
10:43:43,BID,5576,4
10:43:43,BID,5576,3
10:43:43,BID,5576,4
10:43:43,BID,5576,3
10:43:43,BID,5576,2
10:43:43,BID,5576,3
10:43:43,BID,5576,2
10:43:48,ASK,5578,2
10:43:49,BID,5575,6
10:43:49,BID,5575,5
10:43:49,BID,5575,4
10:43:49,BID,5576,1
10:43:51,ASK,5578,1
10:43:51,BID,5576,2
10:43:51,BID,5576,1
10:43:55,BID,5575,3
10:43:57,BID,5575,4
10:43:57,BID,5576,1
10:43:57,BID,5576,2
10:43:58,BID,5576,1
10:43:58,BID,5576,2
10:43:58,BID,5576,3
10:43:59,BID,5576,2
10:44:00,BID,5578,1
10:44:00,ASK,5580,5
10:44:01,ASK,5579,1
10:44:01,ASK,5579,2
10:44:01,BID,5574,8
10:44:01,ASK,5578,1
10:44:01,BID,5574,7
10:44:01,BID,5574,8
10:44:01,BID,5578,1
10:44:01,ASK,5579,2
10:44:01,BID,5574,8
10:44:01,ASK,5578,1
10:44:01,BID,5578,1
10:44:01,ASK,5579,2
10:44:01,BID,5574,8
10:44:01,ASK,5578,1
10:44:02,BID,5576,3
10:44:02,BID,5576,4
10:44:02,BID,5576,3
10:44:03,BID,5576,4
10:44:03,BID,5576,5
10:44:03,BID,5576,4
10:44:03,BID,5576,3
10:44:04,BID,5576,4
10:44:04,BID,5576,3
10:44:04,BID,5576,2
10:44:04,BID,5576,1
10:44:05,BID,5574,7
10:44:05,BID,5575,1
10:44:05,BID,5575,2
10:44:05,BID,5575,3
10:44:06,BID,5575,6
10:44:06,BID,5578,1
10:44:06,ASK,5580,4
10:44:06,ASK,5580,1
10:44:06,BID,5578,2
10:44:06,BID,5578,3
10:44:06,BID,5578,2
10:44:06,BID,5578,4
10:44:06,BID,5578,3
10:44:06,BID,5578,4
10:44:06,BID,5578,5
10:44:06,BID,5578,4
10:44:06,BID,5578,3
10:44:06,BID,5578,2
10:44:06,BID,5578,3
10:44:06,BID,5578,4
10:44:06,BID,5578,3
10:44:06,BID,5578,2
10:44:06,BID,5578,3
10:44:07,BID,5577,3
10:44:07,BID,5578,1
10:44:07,BID,5578,2
10:44:07,BID,5578,3
10:44:08,BID,5578,2
10:44:08,BID,5578,1
10:44:08,BID,5578,2
10:44:08,BID,5578,1
10:44:08,BID,5578,2
10:44:09,BID,5578,3
10:44:09,BID,5578,4
10:44:09,BID,5578,5
10:44:09,BID,5578,4
10:44:09,BID,5578,3
10:44:09,BID,5578,2
10:44:09,BID,5578,3
10:44:09,BID,5578,4
10:44:09,BID,5578,3
10:44:09,BID,5579,1
10:44:09,BID,5578,3
10:44:09,BID,5578,2
10:44:10,BID,5578,1
10:44:10,BID,5578,2
10:44:10,BID,5578,1
10:44:10,BID,5578,2
10:44:10,BID,5578,3
10:44:11,BID,5577,3
10:44:11,BID,5578,1
10:44:11,TRADE,5578,1
10:44:11,BID,5577,3
10:44:14,ASK,5580,2
10:44:14,BID,5577,2
10:44:14,BID,5577,1
10:44:14,ASK,5580,1
10:44:14,BID,5577,2
10:44:14,BID,5577,3
10:44:14,BID,5577,4
10:44:14,ASK,5580,2
10:44:14,BID,5578,2
10:44:14,ASK,5580,1
10:44:14,BID,5578,1
10:44:15,BID,5578,2
10:44:15,BID,5578,3
10:44:16,ASK,5580,2
10:44:20,BID,5578,4
10:44:22,ASK,5580,1
10:44:22,BID,5578,6
10:44:27,BID,5578,4
10:44:33,BID,5578,3
10:44:34,BID,5578,4
10:44:41,BID,5578,2
10:44:41,BID,5577,5
10:44:41,ASK,5580,2
10:44:41,ASK,5580,3
10:44:41,BID,5577,4
10:44:41,ASK,5580,4
10:44:41,BID,5577,3
10:44:41,ASK,5580,5
10:44:45,BID,5576,5
10:44:45,ASK,5577,4
10:44:45,BID,5576,4
10:44:45,ASK,5577,3
10:44:45,BID,5576,3
10:44:45,ASK,5577,2
10:44:45,BID,5576,1
10:44:45,ASK,5577,1
10:44:45,ASK,5578,5
10:44:45,ASK,5578,4
10:44:45,ASK,5578,3
10:44:45,ASK,5578,2
10:44:45,ASK,5578,1
10:44:45,BID,5575,6
10:44:45,BID,5575,5
10:44:45,BID,5575,4
10:44:45,BID,5575,5
10:44:45,BID,5576,1
10:44:46,BID,5576,2
10:44:46,BID,5576,3
10:44:47,BID,5576,2
10:44:47,BID,5576,3
10:44:48,BID,5576,6
10:44:48,ASK,5580,4
10:44:48,ASK,5580,3
10:44:48,ASK,5580,2
10:44:48,ASK,5580,3
10:44:48,ASK,5580,4
10:44:49,ASK,5579,1
10:44:49,ASK,5580,4
10:44:49,ASK,5579,1
10:44:50,BID,5576,5
10:44:50,ASK,5578,1
10:44:52,BID,5576,6
10:44:52,ASK,5579,1
10:44:53,ASK,5580,4
10:44:53,ASK,5579,1
10:44:53,ASK,5580,4
10:44:53,ASK,5579,1
10:44:55,ASK,5580,4
10:44:55,ASK,5580,3
10:44:55,BID,5577,1
10:44:55,BID,5577,2
10:44:55,BID,5577,1
10:44:56,BID,5577,2
10:44:56,ASK,5580,2
10:44:56,BID,5577,3
10:44:57,BID,5577,4
10:44:57,BID,5577,7
10:44:57,BID,5577,6
10:44:59,ASK,5580,1
10:44:59,ASK,5580,2
10:45:01,ASK,5580,3
10:45:02,ASK,5580,4
10:45:03,BID,5577,5
10:45:03,ASK,5580,5
10:45:03,ASK,5580,6
10:45:05,BID,5577,6
10:45:06,ASK,5580,5
10:45:08,BID,5576,4
10:45:08,ASK,5578,1
10:45:08,BID,5576,3
10:45:12,BID,5576,2
10:45:13,BID,5576,1
10:45:16,BID,5576,2
10:45:16,BID,5576,1
10:45:17,BID,5576,2
10:45:17,BID,5576,3
10:45:18,BID,5576,2
10:45:18,BID,5576,3
10:45:20,BID,5576,2
10:45:23,BID,5576,3
10:45:23,BID,5576,2
10:45:25,BID,5576,1
10:45:25,BID,5575,3
10:45:25,BID,5575,4
10:45:25,BID,5575,3
10:45:25,BID,5575,4
10:45:26,BID,5576,1
10:45:26,BID,5576,2
10:45:26,BID,5575,4
10:45:26,BID,5576,1
10:45:26,BID,5576,2
10:45:26,BID,5576,3
10:45:27,BID,5576,2
10:45:28,BID,5576,3
10:45:28,BID,5576,4
10:45:28,BID,5576,3
10:45:28,BID,5576,2
10:45:28,BID,5576,1
10:45:32,BID,5575,3
10:45:34,BID,5575,4
10:45:37,BID,5576,1
10:45:37,BID,5576,2
10:45:38,BID,5576,3
10:45:42,BID,5576,2
10:45:56,BID,5576,3
10:45:59,BID,5576,2
10:46:00,BID,5576,3
10:46:00,BID,5576,4
10:46:00,BID,5576,3
10:46:00,BID,5576,2
10:46:01,BID,5576,1
10:46:02,BID,5576,2
10:46:04,ASK,5580,8
10:46:04,BID,5576,3
10:46:04,BID,5577,1
10:46:04,ASK,5580,2
10:46:04,BID,5577,2
10:46:04,BID,5577,3
10:46:04,BID,5578,1
10:46:04,BID,5578,2
10:46:04,BID,5578,3
10:46:04,BID,5578,2
10:46:04,BID,5578,1
10:46:04,BID,5578,2
10:46:04,BID,5578,1
10:46:04,BID,5578,2
10:46:04,BID,5578,3
10:46:04,BID,5578,2
10:46:04,BID,5578,3
10:46:06,BID,5578,2
10:46:06,BID,5578,3
10:46:06,BID,5578,4
10:46:06,BID,5578,5
10:46:07,BID,5579,1
10:46:07,BID,5579,2
10:46:07,BID,5579,3
10:46:07,BID,5579,4
10:46:07,BID,5579,3
10:46:07,BID,5579,2
10:46:07,BID,5579,1
10:46:07,BID,5578,4
10:46:07,BID,5579,1
10:46:07,BID,5579,2
10:46:07,BID,5579,3
10:46:07,BID,5579,4
10:46:07,ASK,5580,1
10:46:07,BID,5579,3
10:46:07,BID,5579,2
10:46:07,TRADE,5580,2
10:46:07,BID,5580,1
10:46:07,ASK,5581,2
10:46:07,BID,5570,1
10:46:07,ASK,5579,1
10:46:07,BID,5578,2
10:46:07,BID,5578,3
10:46:07,BID,5578,4
10:46:07,BID,5570,1
10:46:07,BID,5578,4
10:46:07,TRADE,5579,1
10:46:07,TRADE,5579,1
10:46:07,BID,5570,1
10:46:07,BID,5578,4
10:46:07,TRADE,5579,1
10:46:07,BID,5579,1
10:46:07,ASK,5580,1
10:46:07,BID,5579,2
10:46:07,BID,5579,3
10:46:07,BID,5579,4
10:46:07,BID,5579,3
10:46:07,BID,5579,2
10:46:07,BID,5579,3
10:46:07,BID,5579,2
10:46:07,BID,5579,3
10:46:07,TRADE,5580,1
10:46:07,BID,5579,2
10:46:07,BID,5579,1
10:46:07,BID,5578,5
10:46:07,BID,5580,3
10:46:07,ASK,5581,2
10:46:07,ASK,5581,1
10:46:07,BID,5580,2
10:46:07,BID,5580,1
10:46:07,BID,5580,2
10:46:07,BID,5580,3
10:46:08,BID,5580,2
10:46:08,BID,5580,1
10:46:08,BID,5580,2
10:46:08,BID,5580,3
10:46:08,BID,5580,2
10:46:08,BID,5580,1
10:46:08,BID,5580,2
10:46:08,BID,5580,3
10:46:08,BID,5580,2
10:46:08,BID,5580,1
10:46:08,BID,5579,4
10:46:08,BID,5580,1
10:46:08,BID,5579,4
10:46:08,BID,5579,5
10:46:08,BID,5580,1
10:46:08,BID,5579,5
10:46:08,BID,5579,4
10:46:08,BID,5580,1
10:46:08,BID,5580,2
10:46:09,BID,5580,1
10:46:09,BID,5579,3
10:46:11,ASK,5581,2
10:46:11,BID,5580,1
10:46:11,BID,5580,2
10:46:11,BID,5580,3
10:46:12,BID,5580,2
10:46:12,BID,5580,1
10:46:12,BID,5580,2
10:46:12,BID,5580,3
10:46:12,BID,5580,2
10:46:12,BID,5580,3
10:46:12,BID,5580,2
10:46:12,BID,5580,3
10:46:12,BID,5580,2
10:46:12,BID,5580,1
10:46:12,BID,5580,2
10:46:12,BID,5580,3
10:46:13,ASK,5582,2
10:46:14,BID,5581,3
10:46:17,BID,5580,4
10:46:17,BID,5580,5
10:46:18,BID,5580,4
10:46:18,ASK,5582,3
10:46:19,ASK,5582,4
10:46:20,ASK,5582,5
10:46:21,BID,5580,3
10:46:22,ASK,5582,3
10:46:22,BID,5580,4
10:46:22,BID,5580,3
10:46:22,ASK,5582,4
10:46:22,ASK,5582,5
10:46:25,BID,5580,2
10:46:25,ASK,5582,4
10:46:25,BID,5581,1
10:46:25,ASK,5582,2
10:46:25,BID,5580,4
10:46:25,BID,5580,3
10:46:25,BID,5580,2
10:46:25,BID,5580,3
10:46:25,BID,5581,1
10:46:25,BID,5580,3
10:46:25,BID,5580,2
10:46:25,BID,5580,3
10:46:26,BID,5581,1
10:46:26,BID,5580,3
10:46:26,BID,5580,2
10:46:27,ASK,5582,3
10:46:27,BID,5580,1
10:46:27,ASK,5582,4
10:46:27,ASK,5582,5
10:46:27,ASK,5582,6
10:46:27,ASK,5582,5
10:46:27,ASK,5582,6
10:46:32,BID,5579,4
10:46:32,BID,5580,1
10:46:32,BID,5579,4
10:46:33,ASK,5582,5
10:46:33,BID,5579,5
10:46:33,BID,5579,4
10:46:34,ASK,5582,4
10:46:34,ASK,5582,3
10:46:34,ASK,5582,2
10:46:34,ASK,5582,3
10:46:34,ASK,5581,1
10:46:34,BID,5579,3
10:46:34,ASK,5581,2
10:46:34,ASK,5581,3
10:46:34,ASK,5581,4
10:46:35,BID,5579,2
10:46:36,BID,5579,3
10:46:36,BID,5579,2
10:46:41,BID,5579,3
10:46:44,ASK,5581,3
10:46:47,ASK,5581,1
10:46:47,ASK,5581,2
10:46:48,ASK,5581,3
10:46:48,BID,5579,6
10:46:50,ASK,5581,1
10:46:53,BID,5580,1
10:46:53,ASK,5582,2
10:46:53,ASK,5582,3
10:46:53,BID,5579,6
10:46:53,ASK,5581,1
10:46:53,BID,5579,4
10:46:53,ASK,5581,2
10:46:53,ASK,5581,1
10:46:53,BID,5579,2
10:46:53,ASK,5581,2
10:46:53,BID,5578,5
10:46:53,ASK,5581,3
10:46:53,ASK,5581,4
10:46:53,ASK,5581,3
10:46:53,ASK,5581,4
10:46:53,BID,5579,1
10:46:58,BID,5578,5
10:46:58,ASK,5580,1
10:46:58,BID,5578,4
10:46:58,BID,5578,3
10:46:58,ASK,5580,2
10:46:58,ASK,5580,3
10:46:58,ASK,5580,4
10:47:00,ASK,5580,3
10:47:00,BID,5578,1
10:47:00,ASK,5580,4
10:47:00,ASK,5580,5
10:47:00,ASK,5579,1
10:47:00,ASK,5579,2
10:47:00,ASK,5579,4
10:47:00,ASK,5579,5
10:47:00,ASK,5579,6
10:47:00,ASK,5579,5
10:47:00,ASK,5579,3
10:47:04,ASK,5579,2
10:47:04,ASK,5579,1
10:47:04,ASK,5579,2
10:47:07,ASK,5580,2
10:47:07,ASK,5580,3
10:47:07,ASK,5579,1
10:47:07,ASK,5579,2
10:47:11,ASK,5580,2
10:47:11,BID,5578,2
10:47:11,ASK,5580,1
10:47:11,BID,5578,3
10:47:11,BID,5578,4
10:47:11,BID,5578,3
10:47:11,BID,5578,2
10:47:11,BID,5578,3
10:47:11,BID,5578,4
10:47:11,BID,5578,3
10:47:11,ASK,5580,2
10:47:11,BID,5578,2
10:47:11,BID,5578,1
10:47:11,ASK,5580,3
10:47:11,BID,5578,2
10:47:11,ASK,5580,2
10:47:11,BID,5578,3
10:47:11,ASK,5580,3
10:47:11,BID,5578,2
10:47:11,BID,5578,1
10:47:17,BID,5578,2
10:47:20,ASK,5580,2
10:47:20,BID,5578,3
10:47:21,BID,5578,2
10:47:21,ASK,5580,32
10:47:21,BID,5578,1
10:47:21,ASK,5580,33
10:47:21,ASK,5579,1
10:47:21,ASK,5579,2
10:47:21,ASK,5579,3
10:47:21,ASK,5579,4
10:47:21,ASK,5579,5
10:47:21,ASK,5579,4
10:47:22,ASK,5579,3
10:47:22,ASK,5579,2
10:47:28,ASK,5579,1
10:47:28,ASK,5579,2
10:47:31,ASK,5579,9
10:47:32,BID,5577,1
10:47:32,ASK,5578,1
10:47:32,ASK,5578,2
10:47:32,ASK,5578,3
10:47:34,ASK,5578,2
10:47:35,ASK,5578,1
10:47:35,ASK,5578,2
10:47:36,ASK,5578,1
10:47:36,ASK,5578,2
10:47:37,ASK,5578,1
10:47:37,ASK,5578,2
10:47:37,ASK,5578,3
10:47:37,ASK,5578,4
10:47:37,ASK,5578,5
10:47:38,ASK,5578,6
10:47:38,ASK,5578,5
10:47:41,BID,5570,1
10:47:41,ASK,5577,2
10:47:41,BID,5574,6
10:47:41,ASK,5577,3
10:47:41,ASK,5577,4
10:47:41,ASK,5577,5
10:47:41,BID,5574,5
10:47:41,BID,5574,4
10:47:41,ASK,5577,4
10:47:41,ASK,5577,3
10:47:41,ASK,5577,4
10:47:41,ASK,5577,5
10:47:42,ASK,5577,4
10:47:42,BID,5574,5
10:47:42,ASK,5577,3
10:47:42,BID,5575,1
10:47:42,BID,5575,2
10:47:43,BID,5575,3
10:47:44,ASK,5577,8
10:47:44,BID,5575,2
10:47:44,BID,5575,1
10:47:44,BID,5574,5
10:47:44,BID,5574,4
10:47:44,BID,5574,5
10:47:45,BID,5574,6
10:47:45,BID,5575,1
10:47:45,BID,5575,2
10:47:47,ASK,5578,4
10:47:47,BID,5576,1
10:47:47,BID,5576,2
10:47:47,BID,5576,3
10:47:47,ASK,5578,3
10:47:47,BID,5576,4
10:47:47,BID,5576,3
10:47:47,ASK,5578,2
10:47:47,ASK,5578,3
10:47:47,ASK,5578,4
10:47:47,BID,5576,2
10:47:47,BID,5576,1
10:47:47,BID,5576,2
10:47:51,BID,5576,1
10:47:51,BID,5576,2
10:47:55,BID,5576,1
10:47:55,BID,5576,2
10:47:55,BID,5576,1
10:47:55,BID,5576,2
10:48:00,ASK,5579,2
10:48:00,BID,5577,1
10:48:00,BID,5577,2
10:48:00,BID,5577,1
10:48:00,BID,5577,2
10:48:00,BID,5577,1
10:48:00,ASK,5579,3
10:48:00,ASK,5579,4
10:48:00,ASK,5579,5
10:48:00,BID,5576,2
10:48:00,BID,5576,3
10:48:00,ASK,5579,4
10:48:00,ASK,5579,5
10:48:01,ASK,5579,4
10:48:01,BID,5577,2
10:48:01,BID,5577,3
10:48:04,ASK,5579,1
10:48:04,BID,5577,4
10:48:04,BID,5577,5
10:48:04,BID,5578,1
10:48:04,BID,5577,3
10:48:05,BID,5577,4
10:48:05,BID,5578,1
10:48:05,BID,5578,2
10:48:10,BID,5578,1
10:48:10,BID,5577,3
10:48:11,BID,5578,1
10:48:11,BID,5577,1
10:48:11,BID,5577,2
10:48:12,BID,5577,1
10:48:12,BID,5577,2
10:48:15,BID,5578,1
10:48:15,BID,5577,2
10:48:15,BID,5577,1
10:48:15,BID,5577,2
10:48:16,BID,5577,3
10:48:17,BID,5578,2
10:48:20,BID,5577,3
10:48:20,ASK,5579,2
10:48:20,BID,5577,2
10:48:20,ASK,5579,3
10:48:20,BID,5577,1
10:48:20,BID,5577,2
10:48:20,ASK,5579,2
10:48:20,ASK,5579,3
10:48:20,BID,5577,1
10:48:20,BID,5577,2
10:48:21,BID,5577,1
10:48:21,BID,5576,5
10:48:21,ASK,5579,4
10:48:21,ASK,5578,1
10:48:22,ASK,5578,2
10:48:22,BID,5576,4
10:48:22,ASK,5578,3
10:48:23,ASK,5579,3
10:48:23,BID,5576,5
10:48:23,BID,5577,1
10:48:23,BID,5577,2
10:48:23,ASK,5579,2
10:48:23,BID,5577,3
10:48:23,ASK,5579,1
10:48:23,BID,5577,2
10:48:23,BID,5577,1
10:48:23,BID,5578,1
10:48:23,BID,5578,2
10:48:23,BID,5578,1
10:48:23,ASK,5580,3
10:48:23,ASK,5580,2
10:48:24,ASK,5580,3
10:48:24,ASK,5580,2
10:48:24,BID,5578,2
10:48:25,BID,5578,1
10:48:25,BID,5578,2
10:48:25,ASK,5581,2
10:48:25,BID,5578,3
10:48:25,BID,5578,4
10:48:25,BID,5578,3
10:48:25,BID,5579,1
10:48:26,ASK,5581,1
10:48:26,ASK,5581,2
10:48:26,BID,5578,3
10:48:28,BID,5578,2
10:48:28,BID,5578,3
10:48:28,BID,5578,4
10:48:28,BID,5579,1
10:48:28,ASK,5581,1
10:48:28,BID,5580,2
10:48:28,ASK,5582,5
10:48:28,ASK,5582,4
10:48:28,ASK,5582,3
10:48:29,ASK,5582,2
10:48:30,ASK,5582,3
10:48:30,ASK,5582,4
10:48:30,BID,5579,2
10:48:30,BID,5579,1
10:48:31,ASK,5582,3
10:48:31,BID,5579,2
10:48:33,ASK,5582,4
10:48:33,ASK,5582,3
10:48:33,BID,5579,3
10:48:33,BID,5580,1
10:48:33,ASK,5582,2
10:48:33,BID,5580,2
10:48:33,ASK,5583,8
10:48:33,BID,5580,3
10:48:33,BID,5580,4
10:48:34,BID,5581,1
10:48:34,ASK,5583,7
10:48:34,ASK,5583,6
10:48:36,ASK,5583,5
10:48:36,BID,5581,2
10:48:36,BID,5581,3
10:48:36,BID,5581,2
10:48:36,BID,5581,1
10:48:36,BID,5581,2
10:48:37,ASK,5583,4
10:48:37,BID,5581,3
10:48:37,ASK,5583,2
10:48:38,ASK,5583,1
10:48:38,BID,5581,2
10:48:38,BID,5581,1
10:48:38,BID,5581,2
10:48:38,BID,5581,3
10:48:38,BID,5582,1
10:48:40,BID,5582,2
10:48:40,BID,5582,3
10:48:40,BID,5582,4
10:48:40,BID,5582,3
10:48:40,BID,5582,2
10:48:41,BID,5582,1
10:48:41,BID,5581,2
10:48:41,BID,5583,2
10:48:41,ASK,5584,1
10:48:41,BID,5582,2
10:48:41,BID,5582,3
10:48:41,BID,5582,2
10:48:41,BID,5582,1
10:48:41,BID,5582,2
10:48:41,BID,5582,3
10:48:41,BID,5582,2
10:48:41,BID,5582,1
10:48:42,BID,5582,2
10:48:42,BID,5582,1
10:48:42,BID,5582,2
10:48:43,BID,5582,1
10:48:43,BID,5582,2
10:48:44,BID,5583,1
10:48:44,BID,5582,2
10:48:44,TRADE,5585,1
10:48:44,TRADE,5584,1
10:48:44,BID,5583,2
10:48:48,BID,5583,1
10:48:48,BID,5582,1
10:48:48,ASK,5585,5
10:48:48,BID,5583,1
10:48:48,ASK,5584,1
10:48:48,BID,5582,2
10:48:48,ASK,5584,15
10:48:48,BID,5582,1
10:48:48,BID,5581,4
10:48:48,BID,5581,3
10:48:49,BID,5581,4
10:48:49,BID,5582,1
10:48:49,BID,5582,2
10:48:49,ASK,5584,11
10:48:50,ASK,5584,12
10:48:50,BID,5582,3
10:48:52,ASK,5584,10
10:48:52,ASK,5584,9
10:48:52,ASK,5584,1
10:48:52,BID,5583,1
10:48:52,BID,5583,2
10:48:52,BID,5583,3
10:48:52,BID,5583,2
10:48:52,BID,5583,1
10:48:52,BID,5582,3
10:48:52,BID,5582,1
10:48:52,BID,5582,2
10:48:52,BID,5582,1
10:48:52,ASK,5584,2
10:48:52,BID,5582,2
10:48:52,ASK,5584,1
10:48:52,BID,5583,1
10:48:52,BID,5582,2
10:48:52,BID,5583,1
10:48:52,BID,5583,2
10:48:52,BID,5583,1
10:48:52,BID,5583,2
10:48:52,BID,5583,1
10:48:52,BID,5583,2
10:48:52,BID,5583,1
10:48:52,BID,5582,2
10:48:52,BID,5582,1
10:48:52,BID,5581,3
10:48:52,BID,5582,1
10:48:53,BID,5581,2
10:48:53,BID,5581,3
10:48:53,ASK,5585,15
10:48:53,BID,5582,1
10:48:53,ASK,5584,5
10:48:53,BID,5582,2
10:48:53,BID,5582,3
10:48:53,ASK,5584,6
10:48:55,ASK,5584,7
10:48:55,ASK,5584,8
10:48:55,BID,5582,4
10:48:55,ASK,5584,9
10:48:55,BID,5582,3
10:48:56,BID,5582,2
10:48:56,BID,5582,3
10:48:56,BID,5582,2
10:48:57,BID,5582,1
10:48:57,BID,5582,2
10:48:57,BID,5582,3
10:48:58,ASK,5584,11
10:48:58,BID,5582,2
10:48:59,BID,5582,1
10:48:59,ASK,5583,1
10:48:59,ASK,5583,2
10:48:59,ASK,5583,3
10:48:59,TRADE,5582,1
10:48:59,BID,5580,4
10:48:59,BID,5580,3
10:48:59,ASK,5583,4
10:48:59,ASK,5582,1
10:48:59,BID,5580,1
10:48:59,ASK,5582,2
10:48:59,BID,5579,5
10:48:59,BID,5579,4
10:48:59,ASK,5582,3
10:48:59,BID,5579,3
10:48:59,ASK,5582,4
10:49:00,ASK,5582,3
10:49:00,BID,5578,6
10:49:00,ASK,5581,1
10:49:00,ASK,5581,2
10:49:00,BID,5578,5
10:49:00,ASK,5581,3
10:49:00,ASK,5581,4
10:49:00,ASK,5580,1
10:49:01,ASK,5581,3
10:49:01,ASK,5581,2
10:49:02,ASK,5581,3
10:49:02,ASK,5581,4
10:49:02,BID,5578,4
10:49:02,ASK,5581,3
10:49:02,ASK,5581,2
10:49:02,ASK,5581,3
10:49:05,BID,5578,3
10:49:05,BID,5578,4
10:49:06,BID,5580,2
10:49:06,ASK,5582,4
10:49:06,ASK,5582,3
10:49:06,BID,5578,5
10:49:06,BID,5579,1
10:49:06,ASK,5582,4
10:49:06,ASK,5581,1
10:49:06,ASK,5581,2
10:49:07,ASK,5581,1
10:49:07,ASK,5581,2
10:49:07,ASK,5581,1
10:49:07,ASK,5581,2
10:49:07,BID,5578,3
10:49:07,BID,5578,4
10:49:07,ASK,5581,3
10:49:07,BID,5579,1
10:49:07,BID,5579,2
10:49:07,ASK,5581,2
10:49:08,ASK,5581,3
10:49:08,ASK,5581,4
10:49:08,BID,5578,3
10:49:08,ASK,5581,5
10:49:09,ASK,5581,4
10:49:10,ASK,5581,3
10:49:10,BID,5578,4
10:49:10,BID,5578,5
10:49:11,BID,5580,2
10:49:11,ASK,5582,4
10:49:11,BID,5579,1
10:49:11,ASK,5582,3
10:49:11,ASK,5582,4
10:49:11,BID,5579,2
10:49:11,ASK,5581,1
10:49:11,ASK,5581,2
10:49:11,BID,5579,1
10:49:11,ASK,5581,3
10:49:11,ASK,5581,2
10:49:11,ASK,5581,3
10:49:12,ASK,5581,4
10:49:12,BID,5578,4
10:49:12,ASK,5580,1
10:49:12,ASK,5580,2
10:49:12,ASK,5580,4
10:49:12,BID,5577,5
10:49:12,ASK,5580,5
10:49:12,BID,5577,4
10:49:12,ASK,5580,6
10:49:12,ASK,5580,5
10:49:12,ASK,5580,6
10:49:13,ASK,5580,7
10:49:13,ASK,5579,1
10:49:13,ASK,5579,2
10:49:13,ASK,5579,3
10:49:13,ASK,5579,2
10:49:13,ASK,5579,1
10:49:13,ASK,5580,6
10:49:13,ASK,5580,5
10:49:13,ASK,5580,6
10:49:14,ASK,5580,7
10:49:15,BID,5577,5
10:49:15,BID,5577,6
10:49:15,ASK,5580,6
10:49:15,ASK,5580,4
10:49:15,BID,5578,1
10:49:15,BID,5578,2
10:49:15,BID,5578,3
10:49:16,BID,5578,2
10:49:17,BID,5578,3
10:49:17,ASK,5580,3
10:49:17,BID,5578,4
10:49:17,BID,5578,3
10:49:17,BID,5578,4
10:49:17,BID,5578,3
10:49:17,BID,5578,2
10:49:17,BID,5578,3
10:49:19,ASK,5580,4
10:49:21,BID,5578,2
10:49:21,BID,5578,1
10:49:21,BID,5578,2
10:49:22,BID,5578,3
10:49:22,BID,5578,4
10:49:23,BID,5578,5
10:49:23,ASK,5580,1
10:49:23,BID,5578,6
10:49:23,BID,5578,5
10:49:23,ASK,5580,2
10:49:23,BID,5578,4
10:49:24,BID,5578,3
10:49:25,BID,5578,4
10:49:25,BID,5578,5
10:49:25,BID,5578,6
10:49:25,BID,5579,3
10:49:25,ASK,5580,1
10:49:25,BID,5578,6
10:49:25,BID,5578,5
10:49:25,BID,5578,4
10:49:25,BID,5578,3
10:49:26,BID,5578,4
10:49:27,BID,5578,5
10:49:31,TRADE,5580,1
10:49:31,BID,5578,4
10:49:31,ASK,5581,4
10:49:31,BID,5578,5
10:49:31,BID,5578,6
10:49:31,ASK,5581,3
10:49:31,BID,5579,1
10:49:31,BID,5579,2
10:49:31,BID,5579,3
10:49:31,ASK,5581,2
10:49:31,ASK,5582,2
10:49:31,ASK,5582,3
10:49:31,BID,5579,4
10:49:31,BID,5579,3
10:49:31,BID,5580,1
10:49:31,ASK,5582,2
10:49:31,ASK,5582,3
10:49:32,ASK,5582,2
10:49:32,ASK,5582,1
10:49:32,BID,5580,2
10:49:32,BID,5580,3
10:49:32,BID,5580,2
10:49:32,BID,5580,1
10:49:33,BID,5580,2
10:49:33,BID,5580,3
10:49:34,BID,5580,2
10:49:34,BID,5580,3
10:49:34,BID,5580,4
10:49:35,ASK,5583,9
10:49:35,BID,5580,3
10:49:35,BID,5581,1
10:49:35,BID,5580,3
10:49:35,BID,5581,1
10:49:35,BID,5581,2
10:49:36,ASK,5583,8
10:49:38,BID,5580,4
10:49:38,ASK,5583,7
10:49:38,ASK,5581,1
10:49:38,BID,5580,3
10:49:38,TRADE,5581,1
10:49:38,ASK,5583,7
10:49:38,BID,5580,4
10:49:38,BID,5580,3
10:49:38,BID,5580,4
10:49:38,BID,5580,3
10:49:38,ASK,5583,9
10:49:41,BID,5579,4
10:49:41,ASK,5582,1
10:49:41,BID,5579,3
10:49:41,BID,5579,2
10:49:41,ASK,5582,2
10:49:41,ASK,5582,3
10:49:41,BID,5579,3
10:49:41,BID,5579,4
10:49:41,ASK,5582,2
10:49:41,ASK,5582,3
10:49:46,BID,5579,3
10:49:49,BID,5579,2
10:49:49,BID,5579,1
10:49:49,ASK,5582,4
10:49:49,ASK,5581,1
10:49:49,BID,5578,6
10:49:49,ASK,5581,2
10:49:49,ASK,5581,3
10:49:50,BID,5578,7
10:49:50,ASK,5581,2
10:49:50,ASK,5580,1
10:49:51,BID,5578,6
10:49:51,BID,5578,5
10:49:51,BID,5579,1
10:49:51,BID,5579,2
10:49:51,BID,5579,3
10:49:53,BID,5579,4
10:49:54,BID,5579,3
10:49:54,BID,5579,2
10:49:54,TRADE,5580,1
10:49:54,TRADE,5580,1
10:49:58,BID,5579,3
10:49:59,BID,5579,4
10:49:59,BID,5579,3
10:50:02,BID,5579,2
10:50:02,ASK,5580,2
10:50:02,ASK,5580,1
10:50:02,BID,5579,1
10:50:03,ASK,5580,2
10:50:03,ASK,5580,1
10:50:03,TRADE,5579,1
10:50:03,BID,5578,3
10:50:03,ASK,5579,1
10:50:03,ASK,5580,1
10:50:03,BID,5578,4
10:50:03,ASK,5579,1
10:50:03,ASK,5580,1
10:50:03,ASK,5580,2
10:50:03,BID,5578,3
10:50:03,ASK,5580,1
10:50:03,BID,5578,4
10:50:03,ASK,5579,1
10:50:03,BID,5578,3
10:50:03,ASK,5580,1
10:50:03,BID,5578,4
10:50:04,BID,5578,3
10:50:04,BID,5578,4
10:50:04,ASK,5580,2
10:50:04,BID,5578,3
10:50:04,ASK,5580,1
10:50:04,ASK,5579,1
10:50:04,ASK,5580,1
10:50:04,BID,5578,4
10:50:04,BID,5578,5
10:50:04,ASK,5580,2
10:50:04,BID,5578,4
10:50:04,ASK,5580,1
10:50:04,ASK,5579,1
10:50:04,BID,5578,3
10:50:04,ASK,5580,1
10:50:04,BID,5578,4
10:50:04,BID,5578,5
10:50:04,ASK,5580,2
10:50:04,ASK,5580,1
10:50:04,ASK,5579,1
10:50:04,BID,5578,4
10:50:04,BID,5578,3
10:50:04,ASK,5580,1
10:50:04,ASK,5579,1
10:50:04,ASK,5580,1
10:50:05,BID,5578,4
10:50:05,BID,5578,5
10:50:05,BID,5578,4
10:50:06,BID,5578,5
10:50:06,BID,5579,1
10:50:06,BID,5578,4
10:50:06,BID,5578,5
10:50:07,ASK,5579,1
10:50:07,BID,5578,4
10:50:07,ASK,5580,1
10:50:07,BID,5578,5
10:50:07,ASK,5579,1
10:50:07,BID,5578,4
10:50:07,ASK,5580,1
10:50:07,ASK,5579,1
10:50:07,ASK,5580,1
10:50:07,BID,5578,5
10:50:07,ASK,5579,1
10:50:07,BID,5578,4
10:50:07,BID,5578,3
10:50:07,ASK,5580,1
10:50:07,BID,5578,4
10:50:07,ASK,5579,1
10:50:07,ASK,5580,1
10:50:07,BID,5578,5
10:50:07,BID,5578,4
10:50:09,BID,5578,3
10:50:09,ASK,5580,2
10:50:10,BID,5578,4
10:50:10,ASK,5580,1
10:50:10,BID,5578,3
10:50:10,BID,5578,4
10:50:10,BID,5578,3
10:50:10,ASK,5580,2
10:50:11,BID,5578,4
10:50:11,ASK,5580,1
10:50:11,BID,5578,3
10:50:12,ASK,5580,2
10:50:12,BID,5578,2
10:50:13,BID,5578,3
10:50:13,ASK,5580,1
10:50:13,BID,5578,4
10:50:13,BID,5578,5
10:50:13,BID,5578,4
10:50:14,BID,5578,5
10:50:14,BID,5579,1
10:50:14,BID,5579,2
10:50:14,TRADE,5579,1
10:50:14,BID,5579,1
10:50:14,BID,5579,2
10:50:14,BID,5579,1
10:50:14,BID,5579,2
10:50:14,TRADE,5579,1
10:50:14,BID,5579,1
10:50:14,TRADE,5579,1
10:50:14,BID,5578,4
10:50:15,BID,5578,5
10:50:15,BID,5579,1
10:50:15,BID,5579,2
10:50:15,BID,5579,3
10:50:16,BID,5579,4
10:50:17,BID,5579,3
10:50:18,BID,5579,2
10:50:18,BID,5579,3
10:50:19,BID,5579,4
10:50:22,BID,5579,5
10:50:22,TRADE,5580,1
10:50:22,BID,5579,6
10:50:23,BID,5579,5
10:50:23,BID,5579,6
10:50:23,TRADE,5580,1
10:50:23,BID,5579,5
10:50:23,BID,5579,6
10:50:23,BID,5579,5
10:50:24,BID,5579,6
10:50:25,BID,5579,4
10:50:26,TRADE,5580,1
10:50:27,TRADE,5580,1
10:50:27,BID,5579,3
10:50:27,BID,5579,4
10:50:27,BID,5579,5
10:50:28,BID,5579,4
10:50:29,BID,5579,5
10:50:29,BID,5579,4
10:50:29,BID,5579,5
10:50:30,BID,5579,3
10:50:30,BID,5579,1
10:50:34,BID,5578,7
10:50:36,BID,5578,8
10:50:46,BID,5578,6
10:50:46,ASK,5580,2
10:50:52,ASK,5580,1
10:50:52,BID,5579,1
10:50:52,BID,5579,2
10:50:52,BID,5579,3
10:50:52,TRADE,5580,1
10:50:52,TRADE,5580,1
10:50:52,BID,5579,4
10:50:54,BID,5579,5
10:50:54,TRADE,5580,1
10:50:54,TRADE,5580,1
10:50:57,TRADE,5580,1
10:50:58,TRADE,5580,1
10:51:02,BID,5579,4
10:51:04,BID,5579,3
10:51:05,BID,5579,2
10:51:05,BID,5578,6
10:51:08,BID,5578,7
10:51:11,BID,5578,6
10:51:18,BID,5578,7
10:51:20,BID,5578,6
10:51:20,BID,5578,5
10:51:20,BID,5577,5
10:51:20,BID,5577,4
10:51:20,ASK,5580,2
10:51:20,BID,5577,3
10:51:20,ASK,5580,3
10:51:20,ASK,5580,2
10:51:20,ASK,5580,3
10:51:22,ASK,5580,4
10:51:24,ASK,5580,5
10:51:28,BID,5577,4
10:51:29,ASK,5580,6
10:51:29,BID,5577,3
10:51:30,BID,5577,2
10:51:31,BID,5577,3
10:51:31,BID,5577,4
10:51:31,ASK,5580,5
10:51:32,ASK,5580,1
10:51:32,BID,5578,1
10:51:32,BID,5578,2
10:51:32,BID,5578,1
10:51:32,BID,5577,5
10:51:32,BID,5577,4
10:51:33,BID,5577,3
10:51:34,BID,5577,4
10:51:35,BID,5576,1
10:51:35,ASK,5580,2
10:51:35,ASK,5580,3
10:51:35,ASK,5580,4
10:51:35,ASK,5579,1
10:51:35,ASK,5579,2
10:51:35,ASK,5579,3
10:51:35,ASK,5579,4
10:51:35,ASK,5579,2
10:51:35,ASK,5579,1
10:51:35,BID,5576,2
10:51:35,BID,5577,1
10:51:36,ASK,5579,2
10:51:36,BID,5576,3
10:51:36,BID,5576,2
10:51:36,BID,5576,1
10:51:36,ASK,5579,3
10:51:36,ASK,5579,4
10:51:36,ASK,5579,5
10:51:36,ASK,5579,4
10:51:36,ASK,5579,3
10:51:36,ASK,5579,2
10:51:37,BID,5576,2
10:51:37,BID,5576,3
10:51:37,BID,5577,1
10:51:37,BID,5577,2
10:51:37,BID,5577,3
10:51:37,ASK,5580,3
10:51:37,ASK,5580,2
10:51:37,ASK,5579,1
10:51:38,ASK,5579,2
10:51:40,BID,5577,2
10:51:40,BID,5577,3
10:51:41,BID,5577,4
10:51:42,ASK,5579,1
10:51:42,ASK,5580,2
10:51:42,ASK,5579,1
10:51:42,ASK,5580,2
10:51:42,BID,5578,1
10:51:42,ASK,5580,1
10:51:42,BID,5578,2
10:51:42,BID,5578,3
10:51:42,ASK,5580,2
10:51:43,BID,5578,2
10:51:44,BID,5578,1
10:51:44,ASK,5580,3
10:51:44,BID,5577,4
10:51:44,ASK,5580,2
10:51:44,ASK,5580,1
10:51:44,BID,5578,1
10:51:44,BID,5578,2
10:51:44,BID,5578,3
10:51:47,BID,5578,2
10:51:48,BID,5578,3
10:51:48,BID,5578,2
10:51:48,BID,5578,3
10:51:49,BID,5578,2
10:51:52,BID,5578,3
10:51:52,BID,5578,2
10:51:53,BID,5578,3
10:51:53,BID,5578,2
10:51:54,ASK,5580,2
10:51:54,ASK,5580,3
10:51:54,ASK,5580,4
10:51:54,ASK,5580,5
10:51:54,BID,5577,4
10:51:54,BID,5577,3
10:51:55,ASK,5579,1
10:51:55,ASK,5579,2
10:51:55,BID,5577,4
10:51:57,ASK,5580,5
10:51:57,ASK,5580,4
10:51:57,ASK,5580,5
10:51:57,ASK,5580,4
10:51:59,ASK,5580,5
10:51:59,ASK,5580,4
10:52:00,BID,5577,3
10:52:00,ASK,5580,5
10:52:01,BID,5577,2
10:52:04,ASK,5579,1
10:52:05,ASK,5580,5
10:52:07,BID,5577,3
10:52:08,ASK,5579,1
10:52:08,ASK,5579,2
10:52:08,ASK,5579,3
10:52:08,ASK,5579,4
10:52:08,BID,5577,1
10:52:09,ASK,5578,1
10:52:11,ASK,5579,1
10:52:11,ASK,5580,6
10:52:11,ASK,5580,5
10:52:11,ASK,5579,1
10:52:11,ASK,5579,2
10:52:11,ASK,5579,3
10:52:11,ASK,5579,4
10:52:12,BID,5575,6
10:52:12,ASK,5578,1
10:52:12,ASK,5578,2
10:52:12,ASK,5578,4
10:52:12,ASK,5578,5
10:52:12,BID,5575,2
10:52:13,ASK,5578,4
10:52:13,ASK,5578,2
10:52:13,ASK,5578,3
10:52:15,ASK,5578,4
10:52:15,ASK,5577,1
10:52:15,ASK,5577,2
10:52:15,ASK,5577,4
10:52:15,ASK,5577,5
10:52:16,ASK,5577,4
10:52:16,ASK,5577,3
10:52:16,ASK,5577,1
10:52:16,ASK,5578,2
10:52:16,ASK,5578,1
10:52:16,ASK,5578,2
10:52:16,BID,5575,1
10:52:16,ASK,5578,1
10:52:17,BID,5575,2
10:52:17,BID,5575,3
10:52:17,BID,5575,4
10:52:17,ASK,5578,2
10:52:18,BID,5577,1
10:52:18,ASK,5579,3
10:52:18,ASK,5579,2
10:52:18,ASK,5579,1
10:52:18,ASK,5579,2
10:52:18,ASK,5579,3
10:52:18,BID,5576,1
10:52:18,ASK,5579,2
10:52:18,ASK,5578,1
10:52:18,ASK,5578,2
10:52:18,ASK,5578,1
10:52:20,BID,5575,7
10:52:20,BID,5575,6
10:52:20,BID,5575,5
10:52:20,BID,5575,4
10:52:20,BID,5576,1
10:52:26,ASK,5579,3
10:52:26,ASK,5579,2
10:52:26,ASK,5579,1
10:52:26,ASK,5579,2
10:52:26,ASK,5579,3
10:52:26,BID,5576,2
10:52:26,ASK,5579,2
10:52:26,ASK,5578,3
10:52:27,ASK,5578,4
10:52:27,ASK,5578,3
10:52:27,ASK,5578,2
10:52:27,ASK,5579,1
10:52:27,ASK,5579,2
10:52:27,BID,5576,3
10:52:28,ASK,5578,1
10:52:29,BID,5576,4
10:52:29,BID,5576,5
10:52:31,BID,5576,4
10:52:31,ASK,5578,2
10:52:31,ASK,5578,1
10:52:31,ASK,5578,2
10:52:32,ASK,5578,1
10:52:34,ASK,5578,2
10:52:35,ASK,5578,3
10:52:35,BID,5576,1
10:52:35,ASK,5578,4
10:52:35,ASK,5577,1
10:52:35,ASK,5577,2
10:52:35,ASK,5577,3
10:52:39,ASK,5577,4
10:52:39,ASK,5577,3
10:52:43,ASK,5577,4
10:52:48,ASK,5577,3
10:52:50,ASK,5577,2
10:52:51,TRADE,5576,1
10:52:51,BID,5574,5
10:52:51,ASK,5577,3
10:52:51,ASK,5577,4
10:52:51,ASK,5577,5
10:52:51,BID,5574,6
10:52:54,ASK,5577,4
10:52:54,ASK,5577,3
10:52:54,ASK,5577,2
10:52:54,ASK,5577,3
10:52:56,BID,5574,5
10:52:56,ASK,5577,4
10:52:57,ASK,5577,3
10:52:57,ASK,5577,2
10:52:57,ASK,5577,3
10:52:57,ASK,5577,4
10:52:57,ASK,5577,3
10:52:57,ASK,5577,2
10:52:57,ASK,5577,3
10:52:57,ASK,5577,4
10:52:58,ASK,5577,5
10:53:00,ASK,5578,4
10:53:00,BID,5575,1
10:53:00,BID,5575,2
10:53:00,BID,5575,3
10:53:00,ASK,5578,5
10:53:00,BID,5575,2
10:53:01,BID,5575,3
10:53:01,ASK,5578,4
10:53:01,BID,5575,4
10:53:01,ASK,5578,3
10:53:01,ASK,5578,2
10:53:02,BID,5575,3
10:53:02,ASK,5578,3
10:53:02,ASK,5578,4
10:53:02,BID,5575,2
10:53:02,BID,5575,1
10:53:06,BID,5575,2
10:53:08,ASK,5578,3
10:53:08,BID,5575,3
10:53:08,BID,5575,4
10:53:08,ASK,5578,2
10:53:08,BID,5575,3
10:53:08,ASK,5578,3
10:53:08,BID,5575,2
10:53:09,ASK,5578,4
10:53:10,BID,5575,1
10:53:10,BID,5575,2
10:53:10,BID,5575,3
10:53:10,ASK,5578,3
10:53:14,BID,5575,4
10:53:14,BID,5576,1
10:53:14,ASK,5578,2
10:53:14,BID,5576,2
10:53:15,BID,5576,3
10:53:15,BID,5576,2
10:53:15,BID,5576,3
10:53:16,BID,5576,2
10:53:17,BID,5576,1
10:53:17,BID,5576,2
10:53:20,BID,5576,1
10:53:20,ASK,5578,3
10:53:20,ASK,5578,2
10:53:20,BID,5576,2
10:53:20,ASK,5578,1
10:53:20,ASK,5578,2
10:53:20,ASK,5578,3
10:53:20,BID,5576,1
10:53:24,ASK,5578,1
10:53:24,BID,5576,2
10:53:24,BID,5576,3
10:53:24,BID,5576,4
10:53:24,BID,5576,3
10:53:24,BID,5576,2
10:53:24,BID,5576,1
10:53:24,ASK,5578,2
10:53:25,BID,5576,2
10:53:26,BID,5576,3
10:53:26,ASK,5578,1
10:53:27,BID,5576,4
10:53:28,BID,5576,5
10:53:28,ASK,5579,1
10:53:28,ASK,5579,2
10:53:28,ASK,5579,3
10:53:28,ASK,5579,4
10:53:29,BID,5576,6
10:53:38,ASK,5579,5
10:53:38,BID,5577,1
10:53:40,ASK,5579,4
10:53:40,BID,5577,2
10:53:40,BID,5577,3
10:53:40,ASK,5579,3
10:53:44,BID,5577,4
10:53:45,BID,5577,2
10:53:45,BID,5576,6
10:53:45,ASK,5579,4
10:53:45,BID,5576,2
10:53:45,ASK,5578,1
10:53:45,ASK,5578,2
10:53:45,ASK,5578,3
10:53:45,ASK,5578,4
10:53:45,BID,5575,5
10:53:45,ASK,5577,2
10:53:45,BID,5575,4
10:53:45,ASK,5577,3
10:53:45,ASK,5577,4
10:53:45,BID,5574,4
10:53:45,ASK,5577,5
10:53:45,ASK,5576,1
10:53:45,ASK,5576,2
10:53:45,ASK,5576,3
10:53:46,ASK,5576,2
10:53:46,ASK,5576,3
10:53:47,BID,5574,1
10:53:47,ASK,5576,4
10:53:47,ASK,5576,5
10:53:47,ASK,5575,1
10:53:47,ASK,5575,2
10:53:47,ASK,5575,3
10:53:47,ASK,5575,2
10:53:47,BID,5573,1
10:53:47,BID,5572,11
10:53:47,BID,5574,1
10:53:47,ASK,5575,1
10:53:47,ASK,5576,4
10:53:47,ASK,5576,3
10:53:47,ASK,5576,2
10:53:47,ASK,5576,3
10:53:47,ASK,5575,1
10:53:48,ASK,5575,2
10:53:48,ASK,5575,1
10:53:48,TRADE,5575,1
10:53:48,ASK,5576,2
10:53:48,ASK,5575,1
10:53:48,ASK,5575,2
10:53:48,BID,5573,2
10:53:48,BID,5573,3
10:53:48,BID,5573,2
10:53:49,BID,5573,3
10:53:50,BID,5573,2
10:53:50,ASK,5575,3
10:53:50,ASK,5575,5
10:53:52,BID,5573,1
10:53:59,TRADE,5570,1
10:53:59,BID,5572,6
10:53:59,ASK,5573,2
10:53:59,BID,5551,3
10:53:59,ASK,5572,1
10:53:59,ASK,5572,2
10:53:59,ASK,5572,1
10:53:59,ASK,5571,1
10:53:59,ASK,5571,2
10:53:59,ASK,5571,1
10:53:59,ASK,5572,1
10:53:59,BID,5572,5
10:53:59,ASK,5573,1
10:53:59,BID,5572,6
10:53:59,BID,5572,5
10:53:59,ASK,5574,3
10:53:59,BID,5572,4
10:53:59,BID,5572,3
10:53:59,BID,5572,2
10:53:59,BID,5572,1
10:53:59,ASK,5573,1
10:53:59,BID,5571,6
10:53:59,ASK,5574,3
10:53:59,ASK,5574,2
10:53:59,ASK,5574,1
10:53:59,ASK,5575,5
10:53:59,BID,5571,7
10:53:59,ASK,5575,4
10:53:59,BID,5571,8
10:53:59,BID,5571,9
10:53:59,BID,5572,1
10:53:59,BID,5572,2
10:53:59,BID,5572,1
10:53:59,ASK,5574,1
10:53:59,BID,5571,7
10:54:00,BID,5573,7
10:54:00,ASK,5575,4
10:54:00,ASK,5575,3
10:54:00,BID,5574,1
10:54:00,BID,5573,7
10:54:00,ASK,5575,2
10:54:00,ASK,5575,3
10:54:00,BID,5573,4
10:54:00,BID,5573,3
10:54:00,ASK,5575,2
10:54:03,BID,5572,1
10:54:03,BID,5572,2
10:54:03,ASK,5574,1
10:54:03,ASK,5575,3
10:54:04,ASK,5575,2
10:54:04,ASK,5575,1
10:54:04,BID,5572,3
10:54:04,BID,5572,4
10:54:04,BID,5572,3
10:54:04,BID,5572,4
10:54:04,BID,5573,1
10:54:05,BID,5573,2
10:54:05,BID,5573,3
10:54:05,BID,5573,2
10:54:05,BID,5573,1
10:54:05,BID,5572,4
10:54:05,ASK,5575,2
10:54:05,ASK,5575,1
10:54:05,BID,5572,3
10:54:05,BID,5572,4
10:54:05,BID,5573,1
10:54:05,BID,5573,2
10:54:06,BID,5574,2
10:54:06,BID,5574,1
10:54:09,BID,5573,1
10:54:09,ASK,5575,2
10:54:09,ASK,5575,3
10:54:09,ASK,5575,4
10:54:11,ASK,5575,3
10:54:11,BID,5573,2
10:54:11,ASK,5575,2
10:54:12,BID,5573,3
10:54:12,BID,5574,1
10:54:12,ASK,5575,1
10:54:12,BID,5574,2
10:54:13,BID,5574,3
10:54:15,BID,5574,2
10:54:16,BID,5574,3
10:54:16,BID,5574,4
10:54:16,TRADE,5575,1
10:54:16,BID,5575,2
10:54:16,ASK,5577,2
10:54:16,BID,5575,1
10:54:16,BID,5575,2
10:54:16,ASK,5577,3
10:54:17,BID,5575,1
10:54:17,BID,5575,2
10:54:17,BID,5575,1
10:54:17,BID,5574,4
10:54:17,BID,5575,2
10:54:17,BID,5575,3
10:54:18,ASK,5577,4
10:54:18,BID,5575,2
10:54:18,BID,5574,2
10:54:18,BID,5574,3
10:54:18,ASK,5577,3
10:54:18,ASK,5577,4
10:54:18,BID,5574,2
10:54:18,BID,5574,3
10:54:18,ASK,5577,3
10:54:18,ASK,5577,4
10:54:19,ASK,5577,3
10:54:19,BID,5574,4
10:54:19,BID,5575,2
10:54:19,BID,5575,1
10:54:19,ASK,5577,4
10:54:19,BID,5574,2
10:54:20,ASK,5577,3
10:54:20,BID,5574,3
10:54:20,BID,5574,4
10:54:20,ASK,5577,4
10:54:20,BID,5574,3
10:54:21,ASK,5577,3
10:54:21,BID,5574,2
10:54:24,BID,5574,3
10:54:24,BID,5574,4
10:54:24,ASK,5577,2
10:54:24,BID,5574,3
10:54:24,ASK,5577,3
10:54:24,BID,5574,2
10:54:24,ASK,5577,4
10:54:24,ASK,5577,5
10:54:25,BID,5574,3
10:54:25,BID,5574,4
10:54:26,ASK,5577,4
10:54:27,BID,5574,5
10:54:28,ASK,5576,1
10:54:28,ASK,5577,3
10:54:28,ASK,5577,4
10:54:28,ASK,5577,3
10:54:28,BID,5575,2
10:54:28,ASK,5577,2
10:54:28,ASK,5577,1
10:54:29,ASK,5577,2
10:54:30,ASK,5577,1
10:54:30,BID,5575,3
10:54:31,BID,5575,4
10:54:31,ASK,5578,2
10:54:31,BID,5576,5
10:54:31,ASK,5578,1
10:54:31,ASK,5579,4
10:54:31,ASK,5579,3
10:54:31,ASK,5579,2
10:54:31,ASK,5579,1
10:54:31,ASK,5580,4
10:54:31,BID,5576,6
10:54:31,BID,5577,1
10:54:31,BID,5576,1
10:54:31,ASK,5579,1
10:54:31,BID,5576,2
10:54:31,BID,5577,1
10:54:31,BID,5576,2
10:54:31,BID,5577,1
10:54:33,ASK,5579,3
10:54:34,BID,5576,2
10:54:34,ASK,5580,6
10:54:34,BID,5577,1
10:54:34,ASK,5580,5
10:54:34,BID,5577,2
10:54:34,BID,5577,3
10:54:34,BID,5578,1
10:54:34,ASK,5580,6
10:54:34,ASK,5580,3
10:54:34,BID,5577,2
10:54:35,BID,5577,3
10:54:35,BID,5578,2
10:54:37,TRADE,5578,1
10:54:37,BID,5578,1
10:54:37,BID,5577,2
10:54:38,BID,5577,3
10:54:39,BID,5577,2
10:54:39,BID,5577,3
10:54:39,ASK,5580,4
10:54:40,BID,5577,2
10:54:40,BID,5577,1
10:54:41,ASK,5580,3
10:54:41,ASK,5580,4
10:54:41,BID,5576,3
10:54:41,ASK,5579,1
10:54:41,ASK,5579,2
10:54:42,BID,5576,2
10:54:42,BID,5576,3
10:54:44,BID,5577,2
10:54:48,BID,5577,3
10:54:48,BID,5577,4
10:54:48,BID,5577,3
10:54:52,ASK,5579,1
10:54:52,ASK,5580,4
10:54:52,ASK,5579,1
10:54:55,BID,5577,1
10:54:55,ASK,5579,2
10:54:56,BID,5577,2
10:54:56,ASK,5579,1
10:54:57,ASK,5579,2
10:54:58,ASK,5579,1
10:54:59,BID,5576,3
10:54:59,ASK,5579,3
10:54:59,ASK,5579,4
10:54:59,BID,5576,2
10:54:59,ASK,5578,1
10:54:59,ASK,5578,2
10:55:00,TRADE,5578,1
10:55:00,ASK,5578,1
10:55:00,ASK,5579,3
10:55:04,BID,5576,3
10:55:04,ASK,5578,1
10:55:06,BID,5576,4
10:55:13,BID,5576,3
10:55:13,ASK,5579,2
10:55:13,ASK,5579,1
10:55:13,ASK,5580,12
10:55:13,ASK,5580,11
10:55:13,ASK,5580,10
10:55:13,ASK,5580,9
10:55:13,ASK,5580,8
10:55:13,ASK,5580,7
10:55:13,ASK,5580,6
10:55:13,BID,5577,1
10:55:13,BID,5576,5
10:55:13,BID,5576,4
10:55:13,BID,5576,3
10:55:13,ASK,5580,7
10:55:13,BID,5577,1
10:55:14,BID,5578,1
10:55:14,BID,5577,1
10:55:14,BID,5578,1
10:55:14,ASK,5580,6
10:55:15,ASK,5580,5
10:55:15,ASK,5580,3
10:55:15,BID,5578,2
10:55:15,TRADE,5578,1
10:55:15,BID,5578,1
10:55:15,BID,5577,1
10:55:16,BID,5578,1
10:55:18,ASK,5580,4
10:55:18,BID,5577,3
10:55:18,BID,5577,4
10:55:18,BID,5577,3
10:55:18,BID,5578,1
10:55:18,BID,5579,1
10:55:18,BID,5578,1
10:55:18,BID,5578,2
10:55:18,BID,5579,1
10:55:18,TRADE,5579,1
10:55:18,BID,5578,1
10:55:18,TRADE,5578,1
10:55:18,BID,5577,3
10:55:18,BID,5577,4
10:55:18,BID,5577,3
10:55:18,BID,5577,2
10:55:18,BID,5578,1
10:55:22,BID,5578,2
10:55:22,BID,5578,1
10:55:22,ASK,5580,3
10:55:24,ASK,5580,4
10:55:24,TRADE,5578,1
10:55:24,BID,5577,4
10:55:24,ASK,5578,1
10:55:24,BID,5577,3
10:55:24,BID,5577,2
10:55:24,ASK,5578,2
10:55:36,BID,5577,1
10:55:36,BID,5576,6
10:55:45,BID,5576,5
10:55:48,BID,5576,4
10:55:48,BID,5575,2
10:55:48,ASK,5578,3
10:55:48,BID,5575,1
10:55:48,ASK,5578,4
10:55:48,ASK,5578,6
10:55:48,ASK,5578,5
10:55:48,ASK,5578,3
10:55:48,BID,5575,2
10:55:48,BID,5576,1
10:55:48,ASK,5578,2
10:55:48,BID,5575,3
10:55:48,BID,5576,1
10:55:49,BID,5575,3
10:55:49,ASK,5578,4
10:55:49,BID,5575,2
10:55:49,ASK,5578,2
10:55:49,BID,5575,3
10:55:49,BID,5575,4
10:55:49,BID,5576,1
10:55:55,BID,5575,2
10:55:55,ASK,5578,3
10:55:55,BID,5575,1
10:55:55,ASK,5578,4
10:55:55,ASK,5578,6
10:55:55,ASK,5578,5
10:55:55,ASK,5578,4
10:55:55,BID,5575,2
10:55:55,ASK,5578,3
10:55:55,ASK,5578,4
10:55:55,BID,5575,1
10:55:55,ASK,5578,2
10:55:55,BID,5575,2
10:55:55,BID,5575,3
10:55:55,ASK,5578,3
10:55:55,BID,5575,2
10:55:55,BID,5575,1
10:55:55,ASK,5578,2
10:55:55,BID,5575,2
10:55:55,BID,5575,3
10:55:55,BID,5576,2
10:55:55,BID,5576,1
10:55:59,BID,5575,2
10:55:59,ASK,5578,3
10:55:59,BID,5575,1
10:55:59,BID,5576,1
10:55:59,ASK,5578,2
10:55:59,BID,5576,2
10:56:00,BID,5576,1
10:56:01,BID,5575,4
10:56:01,ASK,5578,4
10:56:01,BID,5575,3
10:56:01,BID,5575,2
10:56:01,BID,5575,3
10:56:01,ASK,5578,3
10:56:01,BID,5575,4
10:56:01,BID,5576,1
10:56:01,ASK,5578,2
10:56:01,BID,5575,5
10:56:01,BID,5575,4
10:56:01,ASK,5578,3
10:56:01,BID,5575,3
10:56:01,BID,5575,2
10:56:01,ASK,5578,2
10:56:01,BID,5575,3
10:56:01,BID,5575,4
10:56:01,BID,5575,5
10:56:01,BID,5575,4
10:56:01,BID,5576,1
10:56:01,BID,5575,4
10:56:01,ASK,5578,3
10:56:01,BID,5575,3
10:56:01,BID,5575,2
10:56:01,BID,5575,3
10:56:01,BID,5575,4
10:56:02,ASK,5578,5
10:56:02,BID,5575,3
10:56:02,BID,5575,4
10:56:02,ASK,5578,6
10:56:02,BID,5575,3
10:56:03,BID,5575,1
10:56:03,ASK,5578,5
10:56:03,BID,5575,2
10:56:03,BID,5575,3
10:56:05,TRADE,5580,2
10:56:05,TRADE,5585,3
10:56:05,BID,5566,2
10:56:05,ASK,5578,1
10:56:05,BID,5577,1
10:56:05,BID,5577,2
10:56:05,BID,5577,1
10:56:05,BID,5577,2
10:56:05,BID,5577,1
10:56:05,BID,5576,1
10:56:05,BID,5575,4
10:56:05,BID,5576,1
10:56:05,BID,5575,4
10:56:05,BID,5576,1
10:56:05,BID,5575,4
10:56:05,BID,5576,1
10:56:05,BID,5577,1
10:56:05,BID,5577,2
10:56:05,BID,5566,2
10:56:05,BID,5580,2
10:56:05,ASK,5583,3
10:56:05,ASK,5583,2
10:56:05,ASK,5582,1
10:56:05,BID,5580,1
10:56:05,BID,5579,1
10:56:05,BID,5580,1
10:56:05,BID,5580,2
10:56:06,BID,5580,3
10:56:06,BID,5580,2
10:56:06,BID,5580,1
10:56:06,BID,5580,2
10:56:06,BID,5581,2
10:56:06,BID,5581,1
10:56:06,BID,5581,2
10:56:06,BID,5581,1
10:56:06,BID,5580,2
10:56:06,BID,5580,3
10:56:06,BID,5581,1
10:56:06,BID,5581,2
10:56:06,BID,5581,1
10:56:06,BID,5566,2
10:56:06,BID,5581,2
10:56:06,BID,5581,3
10:56:06,BID,5581,2
10:56:06,BID,5566,2
10:56:06,BID,5581,1
10:56:06,BID,5581,2
10:56:06,BID,5581,3
10:56:06,BID,5581,2
10:56:06,BID,5581,3
10:56:06,BID,5566,2
10:56:06,BID,5582,1
10:56:06,ASK,5583,1
10:56:06,BID,5582,2
10:56:06,BID,5582,3
10:56:06,BID,5582,4
10:56:06,BID,5582,5
10:56:06,BID,5582,4
10:56:06,BID,5582,3
10:56:06,BID,5582,2
10:56:06,BID,5581,2
10:56:06,BID,5581,3
10:56:07,BID,5581,2
10:56:07,BID,5581,3
10:56:07,BID,5581,2
10:56:07,BID,5581,3
10:56:07,BID,5581,2
10:56:07,BID,5581,3
10:56:07,BID,5581,2
10:56:08,TRADE,5581,1
10:56:08,BID,5581,1
10:56:08,BID,5580,2
10:56:08,BID,5581,1
10:56:08,ASK,5582,1
10:56:08,ASK,5583,1
10:56:08,BID,5581,2
10:56:08,BID,5582,2
10:56:08,BID,5582,1
10:56:09,BID,5582,2
10:56:09,ASK,5583,2
10:56:09,ASK,5583,3
10:56:09,ASK,5583,2
10:56:09,ASK,5583,1
10:56:09,ASK,5583,2
10:56:09,ASK,5583,1
10:56:10,BID,5582,1
10:56:10,BID,5581,3
10:56:10,BID,5582,1
10:56:10,BID,5581,3
10:56:10,BID,5582,2
10:56:10,BID,5582,1
10:56:10,BID,5582,2
10:56:10,BID,5582,1
10:56:10,BID,5582,2
10:56:10,BID,5582,1
10:56:10,BID,5582,2
10:56:10,BID,5582,1
10:56:11,BID,5581,3
10:56:11,BID,5581,2
10:56:11,BID,5581,1
10:56:11,BID,5581,2
10:56:11,BID,5581,3
10:56:13,BID,5582,1
10:56:13,BID,5581,3
10:56:13,BID,5582,1
10:56:13,BID,5582,2
10:56:13,BID,5582,3
10:56:14,BID,5582,2
10:56:14,BID,5582,3
10:56:14,BID,5582,2
10:56:14,BID,5582,3
10:56:15,BID,5582,2
10:56:16,TRADE,5582,1
10:56:16,BID,5582,1
10:56:16,BID,5581,3
10:56:16,BID,5582,1
10:56:16,BID,5581,3
10:56:17,BID,5581,2
10:56:18,BID,5581,3
10:56:19,ASK,5583,2
10:56:19,BID,5581,2
10:56:19,BID,5581,1
10:56:19,BID,5580,3
10:56:19,BID,5580,4
10:56:22,ASK,5583,3
10:56:22,BID,5580,3
10:56:22,ASK,5583,4
10:56:22,ASK,5583,2
10:56:22,BID,5580,4
10:56:22,BID,5582,1
10:56:22,BID,5581,1
10:56:22,BID,5581,2
10:56:22,BID,5581,3
10:56:22,BID,5582,1
10:56:22,BID,5581,3
10:56:24,BID,5581,4
10:56:26,BID,5581,3
10:56:29,BID,5582,1
10:56:30,BID,5582,2
10:56:30,BID,5582,4
10:56:32,BID,5582,3
10:56:32,TRADE,5583,1
10:56:32,ASK,5583,1
10:56:32,BID,5582,4
10:56:33,TRADE,5583,1
10:56:33,BID,5582,3
10:56:33,BID,5582,1
10:56:33,BID,5581,1
10:56:34,ASK,5583,3
10:56:34,ASK,5583,4
10:56:34,BID,5580,4
10:56:34,ASK,5583,3
10:56:34,BID,5581,1
10:56:34,BID,5581,2
10:56:35,ASK,5583,2
10:56:35,ASK,5583,1
10:56:35,BID,5581,3
10:56:37,BID,5582,1
10:56:37,BID,5581,3
10:56:38,BID,5581,2
10:56:38,BID,5580,4
10:56:38,BID,5581,1
10:56:38,BID,5581,2
10:56:38,BID,5581,1
10:56:38,BID,5580,3
10:56:38,BID,5580,4
10:56:38,ASK,5583,2
10:56:38,ASK,5583,3
10:56:38,BID,5580,3
10:56:38,ASK,5583,4
10:56:38,ASK,5582,1
10:56:40,ASK,5583,4
10:56:42,ASK,5582,3
10:56:42,ASK,5582,4
10:56:43,ASK,5582,5
10:56:44,BID,5578,8
10:56:44,BID,5579,1
10:56:44,BID,5579,2
10:56:44,BID,5579,5
10:56:45,BID,5580,1
10:56:45,BID,5580,2
10:56:45,ASK,5582,4
10:56:47,BID,5580,3
10:56:47,ASK,5583,3
10:56:47,ASK,5583,4
10:56:47,BID,5581,2
10:56:47,ASK,5583,3
10:56:47,BID,5581,3
10:56:47,ASK,5583,4
10:56:47,BID,5581,2
10:56:47,ASK,5583,3
10:56:47,BID,5581,3
10:56:47,ASK,5583,4
10:56:47,BID,5581,2
10:56:47,BID,5580,3
10:56:47,BID,5580,2
10:56:47,ASK,5583,3
10:56:47,BID,5580,3
10:56:48,ASK,5583,2
10:56:48,BID,5580,2
10:56:49,ASK,5583,1
10:56:50,BID,5581,1
10:56:50,BID,5581,2
10:56:51,BID,5581,1
10:56:51,BID,5581,2
10:56:52,BID,5582,1
10:56:52,BID,5582,2
10:56:52,BID,5582,3
10:56:53,BID,5582,4
10:56:53,BID,5582,5
10:56:53,BID,5581,5
10:56:54,BID,5581,6
10:56:56,ASK,5583,2
10:56:56,BID,5581,5
10:56:57,ASK,5583,1
10:56:59,BID,5582,4
10:56:59,BID,5582,8
10:57:00,BID,5581,5
10:57:00,ASK,5582,9
10:57:00,BID,5581,4
10:57:00,BID,5582,7
10:57:00,ASK,5583,1
10:57:00,BID,5582,6
10:57:00,BID,5566,2
10:57:00,BID,5582,6
10:57:00,BID,5582,7
10:57:00,BID,5582,6
10:57:00,BID,5582,7
10:57:00,BID,5582,5
10:57:00,BID,5583,9
10:57:00,ASK,5584,1
10:57:01,BID,5583,7
10:57:01,BID,5583,8
10:57:01,BID,5566,2
10:57:01,BID,5584,1
10:57:01,ASK,5585,1
10:57:01,BID,5566,2
10:57:01,BID,5584,1
10:57:01,BID,5566,2
10:57:01,BID,5584,1
10:57:01,BID,5566,2
10:57:01,BID,5584,1
10:57:01,ASK,5586,2
10:57:01,BID,5585,1
10:57:01,BID,5584,1
10:57:01,BID,5585,1
10:57:01,BID,5584,1
10:57:01,BID,5585,1
10:57:01,BID,5584,1
10:57:01,BID,5585,1
10:57:01,BID,5584,1
10:57:01,ASK,5586,3
10:57:01,ASK,5585,1
10:57:01,BID,5584,2
10:57:01,ASK,5586,2
10:57:01,BID,5584,1
10:57:01,BID,5584,2
10:57:01,ASK,5586,1
10:57:01,ASK,5586,2
10:57:01,BID,5584,3
10:57:01,ASK,5586,1
10:57:01,BID,5584,2
10:57:01,ASK,5586,2
10:57:01,ASK,5586,1
10:57:01,BID,5584,1
10:57:01,BID,5584,2
10:57:01,BID,5584,3
10:57:02,BID,5584,7
10:57:02,BID,5584,6
10:57:02,ASK,5585,1
10:57:02,BID,5584,5
10:57:02,BID,5584,6
10:57:02,BID,5584,7
10:57:02,ASK,5586,1
10:57:02,BID,5584,6
10:57:02,TRADE,5590,1
10:57:02,BID,5566,2
10:57:02,ASK,5588,1
10:57:02,BID,5587,4
10:57:02,BID,5566,2
10:57:02,BID,5587,4
10:57:02,BID,5566,2
10:57:02,BID,5588,1
10:57:02,ASK,5589,1
10:57:02,BID,5587,4
10:57:02,BID,5588,1
10:57:02,BID,5589,1
10:57:02,ASK,5590,1
10:57:02,ASK,5591,3
10:57:02,ASK,5591,2
10:57:02,ASK,5591,1
10:57:02,BID,5588,1
10:57:03,TRADE,5588,1
10:57:03,BID,5587,4
10:57:03,BID,5587,3
10:57:03,BID,5587,4
10:57:03,BID,5587,5
10:57:03,BID,5588,1
10:57:03,BID,5587,4
10:57:03,BID,5587,3
10:57:03,BID,5587,2
10:57:03,BID,5587,3
10:57:03,ASK,5591,2
10:57:03,BID,5587,2
10:57:03,BID,5587,3
10:57:03,ASK,5591,1
10:57:03,ASK,5588,1
10:57:03,BID,5587,2
10:57:03,TRADE,5588,1
10:57:03,BID,5586,5
10:57:03,ASK,5591,1
10:57:03,BID,5587,1
10:57:03,ASK,5591,2
10:57:03,BID,5588,1
10:57:03,ASK,5591,1
10:57:03,BID,5588,2
10:57:03,BID,5588,1
10:57:03,BID,5587,2
10:57:03,BID,5587,1
10:57:03,ASK,5588,1
10:57:03,TRADE,5588,1
10:57:03,BID,5586,5
10:57:03,ASK,5591,1
10:57:03,BID,5587,1
10:57:03,ASK,5590,1
10:57:03,ASK,5591,1
10:57:03,ASK,5591,2
10:57:03,BID,5587,2
10:57:03,BID,5588,1
10:57:03,ASK,5591,1
10:57:03,BID,5587,2
10:57:03,BID,5587,3
10:57:03,ASK,5591,2
10:57:03,ASK,5591,1
10:57:03,BID,5587,2
10:57:03,BID,5587,1
10:57:03,BID,5587,2
10:57:03,BID,5587,1
10:57:03,BID,5586,6
10:57:03,BID,5586,5
10:57:03,ASK,5591,2
10:57:03,BID,5586,2
10:57:03,BID,5586,1
10:57:03,ASK,5589,1
10:57:03,ASK,5591,2
10:57:03,ASK,5591,3
10:57:03,BID,5586,2
10:57:03,BID,5586,3
10:57:03,BID,5586,4
10:57:03,ASK,5591,4
10:57:03,ASK,5591,3
10:57:03,ASK,5591,2
10:57:04,BID,5587,1
10:57:04,ASK,5590,2
10:57:04,BID,5587,2
10:57:04,ASK,5590,3
10:57:04,BID,5587,1
10:57:04,BID,5586,2
10:57:04,ASK,5589,1
10:57:04,ASK,5588,1
10:57:04,ASK,5589,1
10:57:04,BID,5586,1
10:57:04,ASK,5588,1
10:57:04,ASK,5589,1
10:57:04,ASK,5589,2
10:57:04,BID,5586,2
10:57:04,BID,5586,1
10:57:04,ASK,5589,1
10:57:04,BID,5587,1
10:57:05,BID,5587,3
10:57:05,ASK,5589,3
10:57:05,BID,5587,2
10:57:05,BID,5587,1
10:57:06,BID,5586,3
10:57:06,ASK,5589,4
10:57:06,BID,5586,2
10:57:06,ASK,5589,3
10:57:06,BID,5586,3
10:57:06,ASK,5589,4
10:57:06,BID,5586,2
10:57:06,ASK,5589,3
10:57:06,BID,5586,3
10:57:06,ASK,5589,2
10:57:08,ASK,5589,1
10:57:08,ASK,5590,2
10:57:08,ASK,5590,3
10:57:09,ASK,5590,1
10:57:09,BID,5587,1
10:57:09,BID,5587,2
10:57:09,BID,5587,3
10:57:10,ASK,5591,4
10:57:10,ASK,5591,5
10:57:10,ASK,5591,6
10:57:11,ASK,5589,1
10:57:11,BID,5587,2
10:57:11,ASK,5589,2
10:57:11,ASK,5591,6
10:57:12,ASK,5590,1
10:57:13,ASK,5590,2
10:57:14,BID,5588,1
10:57:14,ASK,5590,1
10:57:15,ASK,5591,5
10:57:15,BID,5588,2
10:57:15,ASK,5591,4
10:57:15,ASK,5591,5
10:57:16,ASK,5591,4
10:57:16,ASK,5591,5
10:57:16,BID,5587,1
10:57:16,ASK,5591,3
10:57:16,BID,5587,2
10:57:16,ASK,5591,2
10:57:16,ASK,5591,1
10:57:16,BID,5587,3
10:57:18,ASK,5590,1
10:57:18,ASK,5591,1
10:57:19,ASK,5590,1
10:57:22,BID,5587,2
10:57:22,BID,5587,1
10:57:22,BID,5587,2
10:57:22,BID,5587,3
10:57:22,BID,5587,2
10:57:22,BID,5587,1
10:57:22,ASK,5590,2
10:57:22,BID,5587,2
10:57:22,BID,5587,3
10:57:23,BID,5587,2
10:57:23,ASK,5590,3
10:57:24,BID,5587,3
10:57:25,BID,5587,2
10:57:25,ASK,5589,1
10:57:25,BID,5587,1
10:57:25,BID,5587,2
10:57:25,BID,5587,1
10:57:25,BID,5587,2
10:57:25,ASK,5590,2
10:57:25,BID,5587,3
10:57:27,ASK,5590,4
10:57:27,BID,5587,2
10:57:28,BID,5587,3
10:57:29,ASK,5590,3
10:57:31,BID,5588,1
10:57:31,BID,5588,2
10:57:31,BID,5588,3
10:57:31,ASK,5590,2
10:57:31,BID,5588,4
10:57:31,BID,5588,3
10:57:33,ASK,5590,1
10:57:33,ASK,5590,2
10:57:35,ASK,5590,3
10:57:36,BID,5588,4
10:57:37,ASK,5590,1
10:57:39,BID,5588,3
10:57:40,BID,5588,4
10:57:40,BID,5587,5
10:57:40,BID,5587,4
10:57:41,BID,5587,2
10:57:41,BID,5586,6
10:57:41,BID,5586,5
10:57:42,BID,5588,1
10:57:42,BID,5586,5
10:57:44,BID,5586,6
10:57:44,BID,5586,5
10:57:44,BID,5587,1
10:57:44,BID,5587,2
10:57:44,BID,5587,3
10:57:46,ASK,5590,3
10:57:47,ASK,5590,2
10:57:47,TRADE,5595,1
10:57:47,BID,5587,2
10:57:47,ASK,5592,1
10:57:47,BID,5588,1
10:57:47,BID,5589,1
10:57:47,BID,5590,1
10:57:47,BID,5589,1
10:57:47,BID,5590,1
10:57:47,ASK,5593,1
10:57:47,BID,5589,1
10:57:47,BID,5589,2
10:57:47,BID,5589,3
10:57:47,BID,5589,4
10:57:47,BID,5589,5
10:57:47,ASK,5594,2
10:57:47,BID,5592,1
10:57:47,ASK,5594,3
10:57:47,ASK,5594,2
10:57:47,ASK,5594,1
10:57:47,BID,5592,2
10:57:47,BID,5592,3
10:57:47,BID,5592,2
10:57:47,BID,5590,2
10:57:47,BID,5591,1
10:57:47,BID,5591,2
10:57:47,ASK,5595,1
10:57:47,ASK,5596,1
10:57:47,BID,5592,1
10:57:47,BID,5592,2
10:57:47,BID,5592,1
10:57:47,ASK,5596,2
10:57:47,ASK,5596,3
10:57:47,BID,5591,1
10:57:47,BID,5590,1
10:57:47,ASK,5595,1
10:57:47,ASK,5595,2
10:57:48,ASK,5594,1
10:57:48,BID,5590,2
10:57:48,ASK,5594,2
10:57:48,ASK,5594,1
10:57:48,ASK,5594,2
10:57:48,BID,5590,1
10:57:48,ASK,5594,1
10:57:48,BID,5590,2
10:57:48,ASK,5593,1
10:57:48,ASK,5594,1
10:57:48,BID,5590,1
10:57:48,ASK,5593,1
10:57:48,ASK,5594,1
10:57:48,BID,5590,2
10:57:48,ASK,5594,2
10:57:48,ASK,5594,3
10:57:48,ASK,5594,2
10:57:48,ASK,5594,1
10:57:48,ASK,5595,2
10:57:48,BID,5590,3
10:57:48,BID,5591,1
10:57:48,ASK,5595,1
10:57:48,BID,5591,2
10:57:48,ASK,5593,1
10:57:48,BID,5590,2
10:57:48,ASK,5593,2
10:57:48,BID,5589,3
10:57:48,BID,5589,2
10:57:48,ASK,5593,3
10:57:48,ASK,5593,4
10:57:48,ASK,5593,5
10:57:48,ASK,5593,4
10:57:48,ASK,5593,3
10:57:48,BID,5590,1
10:57:48,BID,5590,2
10:57:48,BID,5590,1
10:57:48,BID,5590,2
10:57:48,BID,5591,1
10:57:48,BID,5590,2
10:57:49,BID,5590,1
10:57:49,ASK,5593,4
10:57:49,BID,5590,2
10:57:50,BID,5590,1
10:57:50,BID,5590,2
10:57:51,BID,5590,1
10:57:51,ASK,5593,3
10:57:51,BID,5590,2
10:57:51,BID,5589,2
10:57:51,ASK,5592,1
10:57:51,BID,5589,1
10:57:51,ASK,5593,6
10:57:51,ASK,5593,5
10:57:51,BID,5590,1
10:57:51,ASK,5593,4
10:57:51,ASK,5592,1
10:57:51,ASK,5593,2
10:57:51,BID,5591,1
10:57:51,ASK,5593,1
10:57:51,ASK,5594,2
10:57:51,ASK,5594,3
10:57:51,ASK,5594,4
10:57:51,ASK,5592,1
10:57:51,BID,5590,1
10:57:51,ASK,5592,2
10:57:51,ASK,5592,1
10:57:51,BID,5589,1
10:57:51,BID,5590,1
10:57:51,ASK,5592,2
10:57:53,ASK,5592,3
10:57:54,BID,5590,3
10:57:54,ASK,5592,1
10:57:54,BID,5590,2
10:57:54,BID,5591,2
10:57:56,TRADE,5592,1
10:57:56,ASK,5594,3
10:57:56,ASK,5594,2
10:57:56,ASK,5594,1
10:57:56,BID,5591,3
10:57:56,BID,5591,4
10:57:56,BID,5592,1
10:57:56,BID,5592,2
10:57:56,BID,5592,3
10:57:56,BID,5592,2
10:57:56,TRADE,5592,1
10:57:56,BID,5592,1
10:57:56,BID,5591,3
10:57:56,BID,5591,4
10:57:56,ASK,5595,4
10:57:56,ASK,5595,3
10:57:57,BID,5592,1
10:57:57,BID,5589,1
10:57:57,ASK,5595,4
10:57:57,ASK,5594,1
10:57:57,ASK,5593,1
10:57:57,BID,5589,2
10:57:57,ASK,5593,2
10:57:57,BID,5589,3
10:57:57,ASK,5593,1
10:57:57,BID,5589,4
10:57:58,ASK,5593,2
10:58:00,ASK,5593,1
10:58:00,BID,5590,1
10:58:00,ASK,5593,2
10:58:00,BID,5590,2
10:58:00,BID,5590,3
10:58:00,ASK,5593,1
10:58:00,BID,5590,2
10:58:01,ASK,5593,2
10:58:01,BID,5590,1
10:58:01,ASK,5593,3
10:58:01,BID,5589,4
10:58:02,ASK,5593,2
10:58:02,ASK,5593,3
10:58:02,ASK,5593,4
10:58:02,ASK,5592,1
10:58:03,ASK,5593,5
10:58:03,ASK,5593,4
10:58:03,BID,5590,1
10:58:03,ASK,5593,3
10:58:03,BID,5590,2
10:58:03,BID,5590,3
10:58:03,BID,5590,2
10:58:03,BID,5590,1
10:58:03,ASK,5593,4
10:58:03,ASK,5593,5
10:58:03,BID,5590,2
10:58:04,ASK,5592,1
10:58:04,ASK,5592,3
10:58:04,BID,5590,1
10:58:05,BID,5589,2
10:58:05,ASK,5592,2
10:58:05,BID,5589,3
10:58:05,BID,5589,4
10:58:06,BID,5589,3
10:58:07,BID,5589,2
10:58:08,BID,5589,3
10:58:08,BID,5589,2
10:58:08,ASK,5591,1
10:58:08,BID,5589,1
10:58:08,ASK,5591,2
10:58:08,ASK,5591,1
10:58:09,BID,5588,10
10:58:09,ASK,5592,3
10:58:09,ASK,5592,4
10:58:09,ASK,5592,5
10:58:09,ASK,5592,6
10:58:09,ASK,5592,5
10:58:10,ASK,5591,1
10:58:10,ASK,5591,2
10:58:11,ASK,5591,1
10:58:11,BID,5589,1
10:58:12,ASK,5591,2
10:58:12,ASK,5591,3
10:58:12,ASK,5591,2
10:58:14,BID,5588,5
10:58:14,ASK,5591,3
10:58:14,ASK,5591,4
10:58:14,ASK,5591,3
10:58:14,ASK,5590,1
10:58:14,ASK,5591,3
10:58:15,ASK,5592,6
10:58:15,ASK,5592,5
10:58:15,ASK,5592,4
10:58:15,ASK,5592,5
10:58:15,ASK,5592,6
10:58:15,ASK,5591,1
10:58:15,ASK,5591,2
10:58:15,ASK,5591,3
10:58:17,ASK,5590,1
10:58:18,ASK,5591,3
10:58:18,ASK,5591,2
10:58:18,ASK,5591,3
10:58:18,ASK,5590,1
10:58:19,BID,5588,4
10:58:20,ASK,5590,2
10:58:20,ASK,5590,1
10:58:20,ASK,5591,4
10:58:21,ASK,5590,2
10:58:21,ASK,5590,3
10:58:21,BID,5588,2
10:58:21,BID,5588,1
10:58:21,ASK,5590,4
10:58:21,ASK,5590,3
10:58:21,ASK,5590,4
10:58:21,ASK,5590,5
10:58:21,ASK,5590,6
10:58:21,ASK,5590,7
10:58:23,ASK,5590,6
10:58:23,ASK,5590,5
10:58:25,BID,5588,4
10:58:25,ASK,5590,4
10:58:27,BID,5589,36
10:58:27,ASK,5590,1
10:58:27,TRADE,5590,1
10:58:27,ASK,5592,3
10:58:27,ASK,5592,2
10:58:27,ASK,5592,1
10:58:27,ASK,5593,4
10:58:27,BID,5590,1
10:58:27,BID,5591,1
10:58:27,ASK,5593,3
10:58:27,ASK,5593,2
10:58:27,ASK,5593,1
10:58:27,BID,5591,2
10:58:27,BID,5591,3
10:58:27,BID,5591,2
10:58:28,BID,5591,3
10:58:28,BID,5591,8
10:58:28,ASK,5594,2
10:58:29,BID,5592,1
10:58:29,BID,5592,2
10:58:30,ASK,5594,1
10:58:30,ASK,5595,2
10:58:30,ASK,5595,1
10:58:30,ASK,5597,4
10:58:30,BID,5592,3
10:58:30,BID,5592,4
10:58:30,BID,5592,2
10:58:30,BID,5592,1
10:58:30,BID,5592,2
10:58:30,ASK,5597,3
10:58:30,ASK,5597,2
10:58:30,BID,5592,3
10:58:30,BID,5592,2
10:58:30,BID,5592,1
10:58:30,ASK,5597,1
10:58:30,ASK,5597,2
10:58:30,ASK,5597,3
10:58:30,ASK,5597,4
10:58:30,BID,5592,2
10:58:30,BID,5592,1
10:58:30,ASK,5597,5
10:58:30,BID,5592,2
10:58:31,BID,5592,3
10:58:31,ASK,5597,4
10:58:31,ASK,5597,5
10:58:33,ASK,5597,4
10:58:33,ASK,5597,3
10:58:33,ASK,5597,4
10:58:33,BID,5593,1
10:58:34,ASK,5597,5
10:58:34,BID,5592,1
10:58:34,BID,5592,2
10:58:34,BID,5592,1
10:58:34,BID,5592,2
10:58:34,BID,5592,1
10:58:34,BID,5592,2
10:58:34,BID,5592,3
10:58:34,ASK,5597,4
10:58:34,ASK,5597,3
10:58:35,ASK,5597,4
10:58:35,BID,5592,4
10:58:35,ASK,5595,1
10:58:35,ASK,5597,4
10:58:37,BID,5594,1
10:58:37,ASK,5596,1
10:58:37,ASK,5597,4
10:58:37,ASK,5597,3
10:58:37,BID,5594,2
10:58:38,ASK,5596,1
10:58:39,ASK,5597,3
10:58:39,BID,5594,1
10:58:39,ASK,5597,4
10:58:39,ASK,5596,1
10:58:40,ASK,5596,2
10:58:40,ASK,5596,1
10:58:40,ASK,5597,5
10:58:40,BID,5594,2
10:58:40,ASK,5597,4
10:58:40,ASK,5597,3
10:58:40,ASK,5597,4
10:58:40,ASK,5596,1
10:58:40,BID,5594,1
10:58:40,ASK,5597,4
10:58:40,BID,5594,2
10:58:41,BID,5594,1
10:58:41,ASK,5596,1
10:58:41,ASK,5597,4
10:58:41,ASK,5597,3
10:58:41,ASK,5597,4
10:58:41,ASK,5597,5
10:58:41,ASK,5596,2
10:58:41,ASK,5596,3
10:58:41,ASK,5596,4
10:58:41,BID,5593,3
10:58:41,ASK,5595,1
10:58:42,BID,5593,4
10:58:42,ASK,5596,2
10:58:42,ASK,5596,1
10:58:43,ASK,5596,2
10:58:43,BID,5593,1
10:58:43,BID,5592,4
10:58:43,ASK,5596,3
10:58:43,ASK,5596,4
10:58:43,ASK,5596,5
10:58:44,ASK,5596,4
10:58:44,ASK,5596,5
10:58:44,TRADE,5596,1
10:58:44,ASK,5596,4
10:58:46,BID,5592,5
10:58:47,BID,5592,4
10:58:48,ASK,5595,2
10:58:48,BID,5592,3
10:58:48,ASK,5595,3
10:58:48,ASK,5595,4
10:58:48,ASK,5594,1
10:58:48,ASK,5595,4
10:58:48,ASK,5595,3
10:58:49,ASK,5595,2
10:58:49,BID,5592,4
10:58:49,BID,5592,3
10:58:49,BID,5592,2
10:58:49,ASK,5595,3
10:58:49,ASK,5594,1
10:58:49,BID,5592,3
10:58:49,ASK,5595,1
10:58:49,ASK,5595,2
10:58:49,ASK,5595,3
10:58:49,BID,5592,2
10:58:49,ASK,5594,2
10:58:49,BID,5592,3
10:58:49,ASK,5594,1
10:58:49,ASK,5595,2
10:58:49,BID,5592,2
10:58:50,ASK,5594,1
10:58:50,BID,5592,3
10:58:51,ASK,5595,2
10:58:51,BID,5592,2
10:58:51,ASK,5595,3
10:58:51,ASK,5594,1
10:58:51,BID,5592,3
10:58:51,ASK,5595,2
10:58:51,BID,5592,2
10:58:51,ASK,5595,3
10:58:51,ASK,5595,1
10:58:51,BID,5592,3
10:58:51,ASK,5596,7
10:58:51,ASK,5595,1
10:58:51,BID,5592,2
10:58:51,ASK,5595,2
10:58:52,BID,5592,3
10:58:52,ASK,5594,2
10:58:57,ASK,5595,2
10:58:59,BID,5593,1
10:58:59,BID,5592,4
10:58:59,BID,5592,3
10:59:01,BID,5592,4
10:59:01,BID,5592,5
10:59:04,BID,5592,1
10:59:04,ASK,5595,3
10:59:04,ASK,5595,4
10:59:05,BID,5591,6
10:59:06,ASK,5595,3
10:59:07,BID,5591,5
10:59:08,BID,5591,6
10:59:09,BID,5591,5
10:59:09,ASK,5595,2
10:59:10,BID,5591,7
10:59:10,BID,5592,1
10:59:10,ASK,5595,3
10:59:14,BID,5591,7
10:59:14,ASK,5595,4
10:59:14,ASK,5595,3
10:59:14,ASK,5595,2
10:59:16,BID,5593,1
10:59:16,BID,5592,1
10:59:16,BID,5591,7
10:59:16,ASK,5594,1
10:59:16,BID,5592,1
10:59:18,ASK,5594,2
10:59:18,ASK,5594,3
10:59:18,ASK,5594,4
10:59:22,ASK,5594,3
10:59:24,ASK,5594,2
10:59:30,ASK,5595,2
10:59:30,ASK,5595,3
10:59:30,ASK,5594,2
10:59:31,ASK,5594,1
10:59:31,ASK,5595,3
10:59:32,BID,5592,3
10:59:34,BID,5592,4
10:59:35,ASK,5594,3
10:59:35,ASK,5594,4
10:59:38,ASK,5594,3
10:59:43,ASK,5594,4
10:59:43,ASK,5594,5
10:59:44,BID,5592,2
10:59:44,BID,5591,4
10:59:44,BID,5591,3
10:59:44,ASK,5594,6
10:59:44,BID,5591,2
10:59:44,ASK,5593,3
10:59:44,BID,5591,1
10:59:44,ASK,5593,4
10:59:45,BID,5592,1
10:59:45,BID,5592,2
10:59:45,BID,5592,1
10:59:45,ASK,5593,3
10:59:45,ASK,5593,2
10:59:45,BID,5591,4
10:59:45,BID,5591,3
10:59:45,BID,5591,2
10:59:45,BID,5591,3
10:59:46,BID,5592,1
10:59:48,ASK,5593,1
10:59:49,BID,5591,3
10:59:49,ASK,5594,5
10:59:49,ASK,5594,6
10:59:50,BID,5591,1
10:59:52,BID,5591,3
10:59:52,BID,5591,4
10:59:52,ASK,5594,7
10:59:52,BID,5591,3
10:59:52,ASK,5593,1
10:59:52,BID,5591,4
10:59:52,ASK,5593,2
10:59:52,BID,5591,3
10:59:53,BID,5591,4
10:59:53,BID,5591,5
10:59:54,BID,5590,9
10:59:54,BID,5591,1
10:59:55,BID,5591,2
10:59:55,BID,5591,3
10:59:55,BID,5591,1
10:59:55,ASK,5592,1
10:59:55,ASK,5592,2
10:59:55,ASK,5592,3
10:59:55,ASK,5592,2
10:59:55,ASK,5592,3
10:59:57,BID,5589,3
10:59:57,BID,5589,2
10:59:57,ASK,5592,4
10:59:57,BID,5590,1
10:59:57,ASK,5592,3
10:59:57,ASK,5592,4
10:59:57,ASK,5592,3
10:59:58,ASK,5592,4
11:00:00,BID,5590,2
11:00:00,BID,5590,1
11:00:00,ASK,5592,3
11:00:00,ASK,5592,4
11:00:00,ASK,5591,1
11:00:00,ASK,5591,2
11:00:00,ASK,5591,3
11:00:00,ASK,5591,2
11:00:01,ASK,5591,1
11:00:02,BID,5590,2
11:00:02,ASK,5592,1
11:00:02,ASK,5592,2
11:00:02,BID,5590,1
11:00:02,ASK,5592,3
11:00:02,BID,5591,1
11:00:03,ASK,5592,1
11:00:03,ASK,5592,2
11:00:03,ASK,5592,1
11:00:04,ASK,5593,3
